2725 4217
321 601 363 670 τ.
388 595 664 666 tucrum
685 595 828 667 carr.
892 597 951 691 xiij

232 715 410 793 contemptis
429 713 610 793 popularibus
629 712 805 784 honoribus,
825 713 872 792 qui
887 735 949 775 non
971 778 974 782 ,

236 795 331 855 solium
343 795 461 872 equestri
478 792 592 860 ordini,
618 793 718 854 tretium
735 794 822 854 etiam
832 795 949 870 plebeio

238 876 397 952 patebant(
413 871 489 933 certe
506 871 661 950 majoribus
670 872 731 950 ejus
744 878 770 930 &
787 875 949 950 propinquis
1023 885 1029 890 ’

238 953 407 1029 patuerant)
418 952 473 1014 five
490 949 596 1027 quodi
614 950 746 1028 populari
764 950 880 1010 levitate
899 954 949 1011 ab·
972 1015 975 1020 ,

237 1031 366 1091 horreret
373 1027 493 1098 natura,
508 1029 563 1089 five
580 1029 656 1106 quod
670 1026 849 1091 vitamsuam
860 1026 948 1094 eidiss·

234 1110 368 1188 ‚ciplinae,
380 1131 466 1185 quam
484 1105 662 1182 sequeretur,
680 1116 823 1184 quamque
842 1109 951 1184 ample·

233 1209 291 1249 atus
302 1185 386 1256 effet,
405 1184 621 1260 consentaneam
634 1183 688 1245 effe
699 1188 806 1255 vellet,
819 1190 833 1259 (
843 1184 952 1264 sapien·

233 1285 298 1328 tem
309 1267 388 1345 enim
398 1265 433 1323 ad
443 1265 516 1323 Rem
539 1261 731 1325 ‚accessurum
747 1266 869 1345 negabat
881 1266 951 1343 Epi·

229 1367 321 1414 curus
328 1346 342 1415 )
352 1343 497 1405 constituit
516 1363 532 1402 e
546 1342 618 1402 intra
634 1342 777 1404 fortunam
790 1343 869 1404 suam
879 1365 951 1406 con·

233 1427 345 1494 tinere,
360 1421 550 1502 perpetuoque
561 1419 716 1498 equestrem
726 1423 892 1503 dignitatem
903 1445 948 1485 re-

233 1505 345 1573 tinere,
364 1522 457 1580 neque
472 1497 585 1581 longiis
605 1500 756 1582 progredi,
771 1503 854 1579 idque
871 1505 947 1563 mul·

234 1601 333 1644 torum
350 1585 494 1642 bonorum
507 1586 533 1638 &
546 1580 689 1639 clarorum
704 1581 831 1641 virorum
848 1602 946 1643 exem÷

232 1663 297 1740 plo.
319 1661 460 1738 Quamvis
470 1676 565 1720 autem
585 1656 671 1718 essent
687 1656 717 1716 hi
733 1679 853 1720 numero
864 1682 946 1721 com-

232 1741 345 1819 plures,
359 1761 430 1800 unus
439 1737 616 1815 Pomponius
624 1755 720 1797 tamen
731 1739 888 1799 multorum
901 1739 945 1798 in·

233 1819 290 1880 star
302 1819 330 1879 ei
339 1815 397 1880 eise
410 1834 539 1895 poterat,
551 1815 620 1893 qui,
632 1814 698 1876 crim
709 1819 736 1875 ei
749 1816 873 1890 honores
883 1839 945 1882 amr

229 1895 373 1980 -plitiimos
387 1898 417 1955 in
436 1893 483 1956 sui
497 1895 611 1955 civitate
624 1894 756 1992 consequi
770 1897 886 1965 liceret,
904 1898 945 1957 ita

233 1977 377 2055 privatus,
390 1975 512 2052 quandiu
521 1973 660 2037 mansu-in
670 1974 743 2044 vita,
755 1975 827 2034 vixit
835 1994 944 2044 tamen,

233 2055 440 2129 tttvitistotius
456 2053 575 2120 ciuitatis
592 2053 729 2112 Romanae
749 2074 796 2112 am
817 2052 949 2122 lissmis,

231 2141 260 2193 &
276 2131 474 2202 omatiffimis,
490 2129 707 2193 &nobilissimis
719 2133 779 2212 cari
802 2132 947 2208 musfuev.

231 2215 280 2289 rit.

508 2289 664 2369 ²Ingem'usu.

271 2446 404 2526 Quantus
413 2461 510 2508 autem
526 2443 617 2506 'Po'e‘ta
637 2443 669 2504 tit
679 2441 842 2516 Lucretius,
859 2444 946 2524 quim

231 2546 317 2602 acuto
335 2535 362 2588 &
377 2527 436 2606 acri
447 2524 586 2608 ingenio,
605 2538 709 2601 quanta
718 2523 751 2583 fit
763 2526 894 2585 carminis
908 2528 944 2586 ab

232 2627 270 2667 eo
281 2605 374 2686 scripti
388 2606 510 2687 gravitas
521 2625 555 2664 ac
567 2601 711 2681 majestas,
725 2619 843 2681 quantus
858 2625 943 2666 orna·

233 2699 295 2754 tus,
307 2684 394 2762 quim
408 2682 520 2762 pulchri
535 2689 563 2742 &
582 2681 707 2759 praeclari
716 2681 824 2753 versus,
839 2702 943 2763 quanta

230 2761 370 2824 sermonis
392 2763 555 2844 elegantia,
574 2760 736 2840 integritas,
757 2780 839 2840 atque
856 2782 886 2824 ut
901 2764 944 2839 ita

230 2842 345 2916 dicam,
362 2841 479 2902 sanitas:
498 2839 563 2902 eitm
578 2858 678 2900 omnes
692 2841 812 2911 eruditi,
826 2843 872 2920 qui
887 2840 947 2902 ho·-

228 2920 276 2984 dte
288 2918 580 3000 vivunt·,ime11igmt
592 2943 603 2998 3
622 2937 684 2987 tum
698 2920 749 2998 qui
760 2937 870 3000 patrum
886 2940 946 2998 uos:

757 3454 774 3504 Ι
1031 3384 1164 3752 Γ
