2725 4217
424 562 480 617 104
619 538 974 610 MUCRETM

421 645 501 709 Ipsam
508 641 579 708 seque
588 657 654 694 retro
662 658 759 708 partern
766 659 851 708 petere
860 658 904 694 ore
911 642 1044 708 priorem

420 709 537 760 Vulneris
546 709 642 761 ardenti
651 727 679 761 ut
686 713 767 761 morsu
776 725 870 774 premat
878 711 923 760 iota
932 711 1034 763 dolore.

421 777 544 828 Omnibus
552 777 598 827 eise
607 776 683 844 igitur
692 788 758 829 totae
766 777 875 828 dicemus
882 776 968 827 inillis

418 843 675 895 ParticulisAnimaa?
685 846 723 895 At
730 844 757 895 ei
765 843 861 895 tatione
868 846 980 910 sequetur
986 874 998 904 ,-

419 917 498 962 Unam
507 911 652 962 animantem
660 911 763 962 Animas
771 911 876 962 habuiffe
885 910 911 960 in
920 928 1030 976 torpore
1037 914 1140 971 irruitur.¹

420 981 490 1044 Ergo
497 978 574 1029 divisa
583 980 617 1029 est
624 992 665 1036 ea3
676 996 727 1043 qun
735 977 782 1028 fuit
789 995 835 1028 una
844 979 913 1028 fimul
922 995 978 1030 eum

422 1049 551 1110 Corporer
561 1061 710 1111 quapropter
718 1047 823 1109 mortale
832 1049 1139 1110 utramquepartem,

419 1114 452 1169 ln
460 1115 549 1164 multer
557 1113 671 1178 quoniam
680 1128 762 1177 parter
771 1110 917 1162 discinditur
927 1114 1006 1179 eque·

456 1247 589 1304 Praeterea,
599 1243 773 1295 fiinnortalis
782 1259 865 1297 natura
871 1244 977 1296 Anima'i

423 1315 540 1370 Constat,
550 1317 574 1363 ὰ
581 1311 606 1361 in
615 1329 704 1376 corpus
712 1312 864 1363 nascentibus
872 1312 1023 1372 infinuatur3

422 1383 476 1430 Cur
483 1383 553 1443 super
561 1383 691 1429 anteactam
699 1394 794 1429 etatem
802 1378 936 1430 meminisse
944 1378 1092 1444 nequinum

421 1449 478 1498 Nee
487 1445 588 1510 vestigia
596 1446 715 1512 gestarum
724 1462 804 1497 rerum
813 1446 863 1496 ulla
869 1449 995 1497 tenemur?

423 1514 653 1577 Namfitantopere
661 1514 694 1564 est
701 1511 787 1563 Animi
795 1528 887 1563 mutata
896 1512 1017 1576 potestat,

426 1577 516 1631 Omnis
525 1596 552 1631 ut
560 1583 661 1631 astarum
671 1579 791 1632 exciderit
798 1578 929 1631 retinentia
940 1595 1038 1631 terumt

425 1648 501 1703 Non,
510 1661 538 1696 ut
546 1648 649 1711 opinor,
657 1646 685 1696 id
692 1647 722 1696 ab
731 1648 857 1712 lethojarn
864 1645 974 1712 longiter
987 1661 1063 1699 erret.

427 1714 585 1776 Quapropter
594 1716 683 1764 fateare
692 1715 783 1765 neeeffe
796 1715 843 1772 est,
852 1730 902 1778 quae
909 1714 957 1764 fuit
965 1714 1038 1772 ante,

426 1777 562 1838 luteriitn,
572 1783 610 1838 ἀ,
620 1798 669 1847 qun
677 1797 741 1832 nunc
749 1782 798 1842 est,
810 1797 874 1833 nuuc
882 1779 929 1832 eise
938 1794 1055 1833 creatam·

462 1913 593 1972 Prettrea,
602 1915 673 1975 fliam
683 1918 789 1978 perfetio
798 1931 903 1980 corpore
911 1910 981 1965 nobis

429 1979 518 2032 Inferri
526 1980 599 2030 solita
607 1981 640 2031 est
647 1981 733 2032 Animi
741 1981 825 2035 vivata
832 1981 936 2047 potestas
945 2016 953 2039 ‚

428 2050 493 2098 'rum
503 2046 557 2098 tium
566 2047 705 2115 gignimur,
715 2052 738 2099 ἃ
746 2047 802 2098 vita
810 2049 864 2100 tunt
872 2049 949 2099 limen
956 2043 1061 2104 ieiunet

429 2116 504 2165 Haud
513 2115 548 2165 ita
557 2114 732 2172 conveniebat,
743 2113 842 2166 uticum
853 2130 970 2178 corpore,
980 2116 1004 2164 ἀ
1012 2111 1060 2163 uni

431 2185 495 2234 Cum
504 2181 618 2232 rnernbrie
625 2181 737 2233 videatur
745 2180 771 2231 in
779 2180 832 2246 ipso
841 2180 955 2248 sanguine
963 2177 1053 2231 ereffe:

431 2250 480 2298 Sed
490 2249 591 2300 velutin
599 2247 687 2306 caver,
700 2265 744 2312 per
753 2251 776 2297 se
785 2249 827 2298 srbi
836 2247 1007 2300 viveresolanr

433 2313 576 2373 Convenit,
587 2331 614 2366 ut
622 2318 687 2365 sensu
697 2331 785 2379 corpus
794 2330 875 2366 tamen
884 2315 967 2366 affluat
976 2327 1058 2363 omne.

433 2384 516 2443 Quare
525 2382 598 2433 etiam
607 2397 679 2447 atque
689 2381 761 2433 etiam
770 2399 813 2432 nec
823 2380 927 2448 originis
934 2379 981 2431 effe
988 2375 1102 2445 putandi
1109 2375 1143 2428 e'st

432 2452 550 2513 Expertes
558 2449 660 2499 Animas
669 2484 676 2507 ‚
686 2465 730 2500 nec
739 2449 801 2499 lethi
809 2451 864 2516 lege
873 2450 974 2499 solutae.

432 2518 498 2568 Nam
507 2533 584 2580 neque
592 2531 721 2580 tantopere
729 2514 820 2566 adnecti
829 2514 933 2580 potuiffe
943 2512 1081 2579 putandum
1093 2510 1128 2564 est

433 2583 586 2648 Corporibus
595 2582 683 2633 nostrie
692 2582 836 2634 extrinseeire
845 2582 984 2632 infinuttatz

434 2651 510 2709 Quod
520 2650 572 2700 fieri
585 2665 665 2700 toturn
675 2651 760 2701 contra
767 2650 888 2701 manifesta
898 2650 974 2699 docet
982 2663 1030 2699 ret·

431 2717 541 2781 Namque
551 2716 585 2767 ita
594 2735 703 2768 connexa
710 2717 742 2768 est
751 2734 794 2782 per
803 2733 890 2774 venas,
899 2715 1008 2772 viscera,
1020 2721 1129 2781 nervon}

434 2782 555 2847 Ossaque,
566 2784 601 2834 uti
610 2786 696 2835 dentes
704 2801 799 2850 quoque
808 2787 874 2835 sensu
882 2780 1078 2847 participentur:

433 2849 536 2898 Morbus
545 2865 572 2900 ut
579 2849 686 2910 indicat,
696 2856 720 2901 ἃ
728 2851 822 2917 gelidai
835 2849 940 2915 stringor
949 2848 1044 2919 aquai}

434 2913 1017 2989 Etlapisoppreffussubitiu&frugibutespen1
1109 2978 1115 2995 Ι

371 3580 748 3750 Α
