2725 4217
424 557 461 612 86
607 534 968 605 mucltetur

422 646 498 702 lllum
507 639 634 708 arpenni,
644 639 762 718 claroque
769 637 883 692 incedere
891 639 1007 699 honores

422 715 471 780 lpsu
480 711 538 762 sein
546 707 653 760 tenebris
663 708 750 765 volvi,
760 723 877 774 coeuoque
885 720 1031 773 queruntur·

423 788 551 837 Intereunt
559 775 649 843 partim
660 774 806 835 statuarum,
816 779 839 826 dc
847 773 956 827 neminie
964 791 1046 841 crgo:

422 851 525 912 Etscpe
534 848 606 910 usque
615 844 690 899 aden,
699 841 787 892 mortis
798 841 949 902 formidine,
961 840 1024 893 vict

424 912 536 979 Percipit
543 914 661 963 humanos
669 908 768 968 odium,
778 909 887 976 lucisque
894 909 1026 969 videnda.

426 991 462 1036 Ut
471 981 514 1033 fibi
524 978 673 1031 consciscant
680 976 792 1027 merenti
804 981 902 1042 pedore
909 977 1025 1036 lethum,

426 1048 512 1102 obliti
523 1052 617 1098 sontem
627 1060 738 1099 curarum
747 1044 813 1094 hunc
822 1042 868 1095 esse
875 1043 1009 1104 timorem

426 1121 502 1172 Hunc
511 1131 597 1170 vexare
605 1113 724 1176 pudorem
732 1146 740 1169 ,
748 1111 812 1162 hunc
820 1111 921 1162 vincula
927 1107 1052 1162 amicitiai

428 1189 570 1249 Rumpere,
581 1178 638 1237 &in
647 1177 739 1231 summi
746 1177 862 1243 pietatem
869 1194 983 1230 evertere
990 1176 1079 1233 nudo.

427 1255 494 1305 Nam
503 1253 549 1313 jam
558 1251 617 1313 sepe
628 1244 740 1297 homines
751 1244 869 1310 patriam,
884 1248 1002 1312 tuosque
1011 1255 1123 1309 parentet

428 1318 611 1374 Prodiderunt,
623 1313 844 1366 vitareAcherufia
854 1314 949 1380 templa
954 1326 1077 1379 petentes.

463 1453 544 1507 Nam,
555 1447 634 1501 veluti
641 1446 711 1512 pueri
720 1446 859 1513 trepidant,
869 1461 941 1514 atque
948 1445 1034 1497 omnia
1039 1440 1110 1495 cecic

430 1522 462 1571 ln
469 1515 577 1568 tenebris
584 1531 710 1566 metuunt:
718 1515 750 1566 sic
760 1532 806 1565 noa
814 1513 839 1564 in
849 1515 905 1565 luce
913 1512 1030 1566 timemur
1055 1520 1059 1527 '

431 1587 577 1643 Interdum,
595 1581 676 1634 nihils)
686 1599 736 1648 qua
747 1585 801 1639 sunt
810 1583 942 1633 metuenda
950 1580 1047 1648 megin,
1056 1574 1127 1645 quim

432 1655 493 1714 Quae
500 1650 570 1714 pueri
578 1649 603 1698 in
610 1649 717 1700 tenebris
724 1649 850 1714 pavitant,
858 1649 1001 1716 finguntque
1010 1652 1101 1703 flatura.

431 1721 506 1770 Hunc
514 1715 592 1781 igitur
599 1731 721 1766 terrorem
730 1715 820 1776 animi,
832 1717 990 1782 tenebrasque
999 1711 1143 1773 neeesecst,

431 1787 493 1836 Nou
502 1781 564 1832 radii
569 1781 649 1840 Solis,
659 1799 738 1848 neque
744 1783 827 1834 lucida
834 1785 885 1835 tela
896 1782 947 1835 diei

432 1848 637 1908 Discutiant,sed
645 1865 735 1901 nature
742 1851 849 1917 species,
863 1850 986 1918 ratioque.

467 2004 576 2057 Priniuu
584 2004 678 2058 Animi
686 2005 754 2065 dico,
760 2019 867 2058 mentem
875 2022 947 2072 quem
953 2007 1145 2072 ferendumne,

434 2073 523 2140 inquo
541 2073 750 2134 consiliumvioe,
764 2074 921 2141 regimenque
933 2074 1045 2129 locatum
1057 2075 1124 2133 est,·

435 2142 490 2193 Esse
497 2141 604 2193 hominia
611 2158 705 2208 partem
712 2139 792 2193 nihili>
801 2140 880 2193 minias
887 2178 895 2201 ,
903 2158 932 2192 ac
940 2158 1039 2202 manue,
1049 2145 1073 2194 ἀ
1078 2136 1132 2207 p'et,

435 2211 522 2274 Atque
530 2209 614 2267 oculi,
625 2225 708 2274 partes
719 2207 848 2260 animantis
856 2207 934 2260 totius
943 2223 1037 2260 extant.

436 2274 558 2339 Quamvir
568 2278 645 2327 multa
652 2275 749 2343 quidem
759 2275 898 2340 sapientum
908 2277 981 2328 rurba
988 2274 1124 2341 purim,

436 2347 535 2395 Sensum
542 2342 627 2393 Animi
638 2341 706 2394 certi
714 2358 765 2392 non
773 2342 819 2393 effe
827 2341 853 2393 in
862 2357 931 2408 parte
939 2345 1065 2395 locatume

436 2410 531 2461 Verium
541 2410 650 2461 habitum
659 2411 777 2476 quendam
785 2409 888 2461 vitalem
896 2409 1011 2476 corporis
1020 2409 1086 2470 esse,

438 2476 600 2529 Harmoniam
607 2476 678 2528 Graii
685 2495 755 2542 quam
763 2475 849 2528 dicunt
856 2493 864 2536 3
872 2478 938 2543 quod
950 2477 1025 2528 faciat
1036 2493 1085 2530 noa

438 2545 532 2597 Vivere
542 2546 681 2601 cumsensu,
695 2544 763 2595 nulli
774 2543 828 2594 ciun
837 2544 863 2598 in
871 2545 990 2607 putrefiet
998 2560 1079 2598 meuc.

438 2617 474 2662 Ut
479 2612 543 2662 bona
552 2614 611 2676 sape
620 2612 737 2662 valetudo
747 2609 802 2661 cium
810 2609 957 2665 dicituresse

440 2676 575 2741 Corporis,
588 2682 611 2729 ἃ
619 2677 710 2729 nonest
718 2679 917 2742 tamenhecpnre
925 2678 975 2731 ulla
982 2677 1108 2732 valentiae

440 2742 480 2792 Sic
489 2744 574 2794 Animi
585 2748 676 2797 sensum
683 2761 734 2796 nou
744 2744 810 2796 certa
819 2760 887 2810 parte
897 2761 1036 2809 reponunt:

442 2810 595 2874 Magnopere
603 2810 687 2879 inquo
696 2812 730 2864 mi
738 2812 826 2866 diverfi
834 2828 916 2864 errare
922 2811 1050 2865 videntur.

460 2940 1160 3021 sepeutiqueiupromptucorpunquodterniuraaecrin
