2725 4217
346 602 527 672 LIB'E'R
553 603 817 673 TERTIUS.
895 620 952 696 ἠ

234 705 359 761 Exhalare
369 721 461 769 vapore
468 704 569 763 altaria,
579 708 691 770 ferreque
699 708 809 758 sumum:

236 780 307 826 Nam
315 774 404 838 procul
413 772 461 823 hec
471 771 546 822 dnbio
555 772 625 823 nobis
635 773 761 824 fimulacra
769 790 900 839 genuntur·

237 839 827 906 Nuncigiturquoniamquaffatisundiquevasts
944 839 947 846 ’

238 907 361 958 Diffluere
370 906 511 965 humorem,
520 907 651 957 &laticem
660 906 786 957 discedere
796 909 886 961 cernis:

239 978 274 1025 Et
282 975 369 1024 nebula
377 991 405 1022 ac
413 977 490 1024 farmus
497 973 612 1038 quoniam
621 973 726 1024 discedit
735 973 760 1024 in
770 992 853 1026 auras:

239 1042 320 1092 Crede
328 1039 443 1105 Animam
454 1057 550 1105 quoque
559 1040 680 1099 diffrmdi,
691 1039 818 1107 multoque
826 1042 909 1107 perire

239 1108 335 1166 ocius,
345 1113 369 1158 dt
376 1106 448 1156 citiits
456 1106 556 1157 dissolvi
565 1124 668 1171 corpora
678 1107 772 1171 prima,

236 1176 303 1226 Ciam
311 1175 385 1225 semel
393 1172 648 1223 omnibusemembris
657 1174 849 1228 ablatareceffit·

236 1240 340 1305 Quippe
349 1239 440 1291 etenim
454 1256 558 1302 corpus,
568 1240 757 1305 quodvaaquafi
766 1243 876 1295 constitit
884 1244 950 1310 ciues

236 1308 304 1360 Ciam
314 1306 431 1357 cohibere
440 1303 524 1370 nequit
532 1305 711 1370 conquassatum
720 1324 749 1359 ex
761 1307 842 1375 aliqud
853 1326 893 1372 re,

234 1376 278 1427 Ac
288 1376 444 1430 rarefadum,
455 1373 562 1422 detracto
571 1372 684 1438 sanguine
694 1374 775 1425 veniat

235 1444 305 1494 Aere
313 1438 354 1506 qui
363 1440 447 1489 credas
455 1438 522 1503 posse
530 1439 591 1490 hanc
602 1439 739 1494 cohiberier
747 1443 816 1500 ullo,

237 1514 352 1575 corpore
360 1505 402 1573 qui
409 1505 493 1558 nostro
504 1523 572 1558 rarus
580 1505 658 1574 magia
668 1524 706 1563 arn
714 1508 858 1568 cohibesstt?

268 1643 400 1698 Praeterea,
412 1639 482 1707 gigni
491 1641 583 1707 pariter
592 1658 646 1692 cum
655 1657 775 1705 corpore,
786 1645 810 1693 dt
818 1642 864 1694 und

234 1711 351 1763 'Crescere
358 1707 485 1766 sentimus,
495 1708 634 1773 pariterque
642 1711 763 1759 senescere
770 1725 889 1768 merrtem.v

234 1780 302 1829 Nam
311 1777 380 1827 velut
388 1774 484 1826 infirmo
492 1775 577 1840 pueri,
586 1789 718 1841 teneroque
727 1792 846 1842 vagantur

235 1843 403 1909 Corporetfic
412 1841 497 1892 Animi
506 1842 613 1909 sequitur
621 1843 739 1899 sententia
746 1843 835 1902 tenuia.

233 1913 310 1970 Inde,
320 1908 362 1960 ubi
369 1908 472 1959 robustis
479 1908 591 1961 adolevit
597 1909 690 1961 viribus
699 1927 769 1968 ttae,

234 1977 373 2030 Consilium
380 1990 475 2041 quoque
482 1978 573 2038 majus,
583 1981 606 2026 ἀ
615 1976 707 2027 audior
715 1975 840 2028 estAnimi
848 1977 897 2032 via.

234 2046 294 2097 Post
304 2042 345 2094 ubi
353 2043 400 2104 jam
408 2041 495 2093 validis
502 2042 572 2108 quaff
568 2058 633 2093 atum
641 2043 674 2093 est
683 2043 775 2094 viribus
784 2043 830 2094 aevi

234 2115 350 2176 Corpus,
360 2107 480 2159 &obtuse
488 2109 629 2165 cecideruut
636 2109 730 2162 viribus
741 2124 821 2168 artus,
919 2113 924 2128 “

233 2177 367 2230 Claudicat
375 2174 514 2239 ingenium,
525 2176 614 2236 delirat
622 2175 766 2242 linguaque,
774 2180 902 2245 mensque3

233 2246 325 2298 Omnia
336 2240 452 2294 deficiunt
459 2277 467 2300 ,
475 2258 547 2308 atque
556 2260 605 2295 uno
614 2259 725 2307 ternpore
734 2245 829 2296 desunt.

232 2315 302 2380 Ergo
311 2307 410 2362 dissolvi
418 2326 513 2375 quoque
521 2310 638 2360 convenit
646 2326 742 2370 ornnem
750 2311 854 2363 Anima'r'

232 2385 370 2434 ''aturanm
385 2375 620 2428 eeufumnsinaltas
629 2377 782 2430 aerisauraaz

231 2441 437 2510 Quandoquidem
445 2441 514 2509 gigni
522 2444 627 2508 parite'r,
637 2443 774 2510 pariterque
783 2445 882 2500 videtur

231 2518 352 2581 §testere
359 2546 367 2569 ,
374 2512 412 2565 &a
421 2509 543 2568 urdocui,
553 2511 622 2562 simul
632 2526 685 2561 aevo
693 2511 751 2568 fessa
756 2512 858 2566 fatiscit.

265 2643 322 2706 Huc
331 2639 441 2709 accedit,
451 2639 487 2692 uti
496 2641 621 2702 pideanrne
630 2660 718 2708 corpus
729 2660 757 2696 ut
765 2645 841 2710 ipsum

229 2707 354 2772 Suscipere
362 2705 479 2778 immanes
486 2710 600 2767 morbos,
610 2713 743 2776 durumque
752 2713 863 2764 dolorem
873 2730 881 2766 τ

228 2775 269 2827 sic
279 2773 397 2829 Animum
406 2792 475 2837 curas
483 2792 563 2837 aerea,
572 2779 708 2842 ludumque
716 2814 723 2835 ,
732 2794 881 2847 metumque.

228 2845 315 2915 §aare
321 2839 467 2907 participem
473 2842 536 2894 lethi
544 2860 641 2912 quoque
649 2846 828 2901 convenitesse·

261 2973 333 3049 guin
344 2972 419 3043 βείω
426 2972 554 3030 morbiain
562 2975 674 3048 corporis
682 2974 752 3045 avius
759 2990 825 3043 errat

816 3065 833 3139 1
