2725 4217
424 554 478 628 158
623 544 980 614 T.LUCRETM

415 646 620 707 Poculaerebra‚
630 666 769 715 unguenta,
783 664 894 706 corone,
904 651 969 700 serta
977 661 1110 713 parantur.¹
1157 707 1161 715 ,

417 717 602 784 Nequicquaur,
611 717 726 782 quoniam
735 716 819 768 medio
832 717 864 767 de
872 719 942 768 fonte
951 717 1069 781 leporum

420 785 504 851 Surgit
512 783 587 834 arnari
596 783 705 850 aliquid,
721 787 787 850 quod
796 784 822 834 in
831 783 887 848 iplie
896 783 1003 836 floribus
1017 801 1109 852 angat:

420 855 475 907 Aut
486 853 552 918 quod
560 852 672 909 conscius
680 852 731 917 ipse
740 853 846 908 Animus
855 854 879 901 se
887 853 955 904 forre
961 854 1107 913 remordet,

421 919 632 984 Desidioseagere
640 919 885 984 atatem‚lustrisque
894 918 992 984 perire:

423 990 479 1040 Aut
486 988 552 1053 quod
560 986 586 1036 in
592 987 709 1054 ambiguo
717 987 819 1040 verbum
828 987 934 1050 jaculata
940 985 1059 1053 reliquit,

425 1057 502 1119 Quod
512 1054 602 1118 cupido
610 1055 716 1106 adfurum
724 1055 794 1106 cordi
802 1054 908 1117 viyescit
916 1090 924 1115 ,
933 1070 961 1106 ut
970 1052 1055 1121 ignire

424 1126 480 1175 Aut
487 1121 588 1172 nimium
597 1123 683 1184 iuuare
697 1123 802 1180 oculos,
818 1121 927 1174 aliumve
937 1121 1004 1176 tueri

424 1191 503 1263 ¹Quod
515 1205 600 1255 putat,
610 1190 765 1256 involtuque
774 1189 844 1242 videt
856 1189 961 1258 vestigia
969 1187 1048 1244 nale.

461 1325 546 1391 Atque
558 1322 585 1375 in
598 1338 683 1376 amore
690 1323 754 1374 mala
760 1323 808 1374 hec
817 1323 939 1395 proprio,
953 1321 1095 1389 summeque
1110 1324 1146 1374 se·

498 1393 579 1442 cundo
1129 1400 1136 1423 ⁹

429 1459 604 1512 Inveniuntur:
616 1453 642 1508 in
655 1459 756 1510 adverso
767 1459 840 1517 vero,
850 1473 923 1524 atque
932 1456 1001 1523 inopi
1010 1461 1080 1516 sunt,

431 1529 555 1578 Prendere
566 1541 616 1591 que
624 1527 699 1596 posfie
711 1526 840 1579 oculorum
853 1525 947 1583 lumine
954 1542 1057 1590 aperto,

431 1592 1000 1660 Innumerabiliaurmeliuruigilaresrtante,

434 1662 490 1722 Qui
500 1660 574 1711 docui
584 1661 694 1719 ratione,
707 1676 840 1726 cavereque
847 1700 856 1725 ,
870 1677 900 1713 ne
910 1659 1071 1727 inlaqueerir·

433 1730 498 1779 Nam
510 1727 605 1786 vitare,
615 1729 700 1794 plagae
709 1727 735 1778 iu
743 1729 834 1778 amoris
842 1746 873 1779 ne
884 1727 1018 1786 laciarnur‚

435 1797 496 1844 Non
505 1795 539 1845 ita
547 1793 652 1845 difficile
660 1795 709 1854 est,
721 1797 793 1862 quiin
805 1812 903 1861 captum
911 1793 1070 1859 retibueipfie

433 1862 523 1926 Exire,
533 1865 557 1913 ἃ
565 1862 663 1917 ualidos
671 1862 775 1916 Veneria
782 1880 940 1931 perrumpere
950 1864 1044 1916 nodos.

469 2018 592 2068 Ettamen
599 2015 737 2082 implicitus
747 2034 842 2084 quoque
851 2016 938 2084 pulsu,
949 2018 1024 2085 inque
1032 2015 1128 2083 peditur

435 2085 552 2151 Effugere
560 2083 687 2144 infestum,
698 2085 740 2136 ulfi
750 2101 804 2137 tute
811 2085 858 2136 eibi
868 2083 958 2137 obvius
966 2085 1063 2146 obstet,

437 2158 471 2213 Et
478 2151 648 2217 pretermittas
656 2152 742 2207 Animi
752 2152 813 2203 viria
823 2152 906 2204 omnia
913 2152 1037 2218 primum,

434 2221 502 2273 Tum
511 2219 678 2286 quecorpori'
687 2223 740 2270 sunt
748 2221 814 2282 ejus,
828 2239 898 2286 quam
907 2220 1037 2286 percupio,
1048 2235 1074 2270 ac
1082 2215 1126 2279 uie,

439 2293 505 2341 Nam
514 2289 562 2337 hoc
570 2287 664 2338 faciunt
672 2287 784 2338 homines
792 2291 935 2355 plerumque
943 2288 1061 2354 cupidine
1071 2283 1136 2343 cecil

438 2361 473 2413 Et
481 2355 591 2406 tribuunt
599 2371 641 2412 ea,
653 2370 761 2420 quaenon
770 2358 824 2407 sunt
833 2355 1011 2408 hiaeommoda
1019 2357 1087 2408 vere.

439 2421 599 2475 Multimodis
607 2421 684 2488 igitur
694 2439 795 2486 pravas,
806 2427 934 2490 turpesque
946 2425 1061 2483 videmus

438 2491 494 2544 Esse
502 2490 529 2540 in
538 2488 648 2548 deliciis,
657 2494 798 2556 summoque
809 2491 835 2541 in
846 2493 941 2543 honore
951 2491 1049 2559 vigere·

439 2596 458 2622 „
468 2561 552 2623 Atque
561 2558 624 2608 alios
632 2557 675 2608 alii
685 2557 807 2616 inrident,
818 2575 980 2625 veneremque
989 2560 1091 2618 suadent

437 2633 460 2688 '‚‚
469 2634 501 2678 Ut
510 2626 624 2691 placent,
634 2625 749 2692 quoniam
758 2627 824 2677 fredo
833 2626 988 2679 adflieautur
999 2641 1102 2678 amoree

446 2730 464 2755 „
472 2697 526 2744 Nec
535 2696 574 2746 sua
582 2693 715 2760 respiciunt
723 2693 803 2744 miseri
813 2695 876 2745 mala
884 2695 988 2745 maxima
995 2698 1067 2760 sepe.

441 2761 537 2827 Nigra,
543 2765 675 2834 panim&
684 2761 730 2815 est:
740 2760 986 2814 immundauroetida
993 2799 1000 2821 ‚
1008 2763 1134 2824 ἄιοσμθῑ

443 2830 686 2885 Caesraaaaudleu:
699 2835 815 2888 nervosa,
828 2830 958 2896 ecligma,
969 2834 1066 2900 lupuit:

445 2895 567 2954 Parvola,
578 2897 682 2960 pumilio
691 2933 698 2956 ,
707 2903 805 2974 χαρίτων
815 2901 856 2955 ia,
868 2913 922 2949 tota
931 2913 1026 2948 merum
1034 2895 1087 2945 sul:

442 2964 745 3037 Wffilt‘lutimfflms,
754 2963 896 3045 moloniae
901 3002 910 3043 ,2
916 2966 1037 3034 plenaque
1044 2954 1154 3026 ponente
