2725 4217
446 571 609 647 muru
637 569 901 674 numius.
997 572 1058 661 ιη’

336 682 409 746 Quid
418 676 502 749 potuit
511 680 631 734 novitatis
638 696 748 730 amorem
757 683 890 733 accendere
898 666 960 733 ta'lii

333 755 395 810 An,
407 753 497 809 credo,
508 751 533 800 in
542 748 649 800 tenebris
656 748 710 798 vita
719 765 746 797 ac
755 765 860 800 moerore
867 750 980 813 iacebat,

333 822 425 884 Donec
434 819 524 869 diluxit
532 835 613 869 rerum
622 813 739 882 genitalis
748 814 821 880 origo
833 818 841 864 ἓ
892 828 894 832 ”

335 887 437 948 Quidve
446 886 503 936 mali
511 882 590 936 fuerat
597 883 671 934 nobis
679 881 784 933 noneffe
794 882 895 932 creatis?

333 957 415 1004 Natus
425 954 490 1003 enim
500 954 573 1004 debet
581 951 718 1017 quicunque
726 950 773 1008 est,
782 949 850 1000 velle
859 965 957 1001 manere

333 1025 365 1073 ln
372 1020 431 1078 viti,
448 1023 528 1071 donec
537 1020 655 1070 retinebit
662 1018 751 1068 blanda
760 1017 886 1082 voluptas.

335 1088 385 1148 Qui
395 1104 515 1153 nunquam
523 1090 584 1138 vero
594 1087 650 1137 vitae
658 1084 766 1152 gustavit
776 1101 883 1136 amorem
894 1121 902 1144 ,

333 1158 389 1206 Nec
398 1156 447 1216 fuit
456 1157 481 1205 in
489 1172 602 1214 numero,
618 1153 677 1220 quid
688 1152 754 1204 obest
763 1167 813 1201 non
822 1153 869 1204 effe
879 1157 1003 1204 creatum?

368 1283 512 1346 Exemplum
520 1286 596 1348 porri)
606 1283 739 1350 gignundis
748 1285 833 1340 rebus,
844 1280 937 1348 &ipsa
960 1275 961 1280 ’

330 1349 448 1402 Norities
457 1351 598 1409 hominum,
608 1351 681 1403 Divis
692 1352 756 1402 unde
764 1351 833 1404 insita
843 1347 963 1414 primitur,

333 1416 403 1480 Quid
413 1419 508 1470 velient
516 1423 595 1470 facere
603 1435 631 1470 ut
639 1419 745 1478 scireut,
758 1420 888 1482 animoque
900 1416 1032 1466 viderent?

332 1485 426 1545 Quove
437 1489 515 1550 modo
524 1488 557 1537 est
564 1504 667 1552 unquam
675 1485 713 1547 vis
722 1486 823 1552 cognita
833 1483 1030 1550 principiorum,

332 1551 457 1614 Quidnam
466 1552 531 1604 inter
541 1557 587 1604 sese
597 1570 737 1619 permutato
747 1554 834 1606 ordine
842 1551 938 1617 poss'ent
948 1589 956 1611 ,
1020 1603 1023 1608 ,

329 1618 356 1670 si
363 1618 473 1684 nonipr'a
482 1621 552 1672 dedit
560 1622 681 1686 specimen
689 1624 782 1673 Natura
791 1619 905 1673 creandi?

331 1686 444 1752 quue
453 1687 488 1738 ita
497 1690 575 1741 multa
582 1690 664 1740 modis
673 1688 758 1740 multis
764 1686 901 1754 primordia
909 1703 990 1738 rerunt

330 1752 853 1824 Exinfinitojamtemporepercitaplagis,

330 1821 529 1889 Ponderibusque
537 1824 587 1885 suis¹
594 1826 741 1877 consuerunt
752 1824 850 1875 concita
860 1820 919 1873 ferri
929 1856 937 1879 ,

331 1888 535 1968 omnimodisque
543 1892 625 1952 coire,
636 1909 709 1957 atquc
718 1892 801 1945 onmia
809 1904 962 1955 pertentare,

329 1958 485 2020 Quacunque
494 1974 558 2007 mter
566 1960 590 2007 se
599 1960 690 2022 poffint
699 1957 823 2022 congressa
831 1972 927 2012 creare,

326 2029 361 2074 Ut
367 2040 420 2072 non
428 2025 458 2072 sit
465 2023 569 2079 mirum,
583 2025 705 2074 srintnles
714 2023 869 2088 disppfituras

325 2088 486 2141 Deciderunt
495 2107 606 2153 quoque,
617 2094 640 2139 ἃ
653 2089 678 2138 in
686 2090 749 2138 tales
760 2087 850 2138 venire
860 2099 967 2139 memus,

292 2179 295 2183 ·
326 2155 451 2220 Qualibus
460 2156 510 2206 haec
521 2171 600 2205 rerum
609 2154 709 2222 genitur
717 2171 781 2205 nunc
789 2148 1020 2216 Summanovando.

362 2285 438 2350 Quod
449 2286 522 2348 fijam
532 2300 612 2334 rerum
620 2279 735 2348 ignorem
742 2280 882 2349 primordia
891 2294 941 2347 qua
949 2278 1010 2335 smt,

313 2368 316 2372 '
326 2356 387 2407 Hoc
395 2370 480 2404 tamen
489 2370 518 2402 ex
528 2351 583 2416 ipris
592 2349 657 2404 Coeli
667 2349 804 2402 rationibus
812 2351 884 2402 ausim

326 2422 496 2481 Confirmare,
506 2419 608 2484 aliisque
617 2436 647 2469 ex
656 2420 727 2469 rebus
737 2420 838 2470 reddere
848 2414 932 2468 multis
942 2449 951 2475 ‚

325 2492 487 2556 Nequaquam
495 2486 568 2538 nobis
576 2484 696 2537 divinitus
705 2485 751 2536 eise
759 2503 867 2551 paratam

299 2585 304 2599 ·
325 2559 447 2610 Naturam
457 2572 553 2616 rerum3
563 2553 882 2620 turtistatpraeditaculpi.
919 2611 921 2614 y

359 2661 501 2725 Principii),
511 2663 627 2728 quantum
636 2661 700 2715 coli
708 2663 773 2730 tegit
781 2663 886 2727 impetur
897 2658 997 2723 ingens,

325 2729 387 2782 Inde
396 2729 492 2781 avidam
503 2747 598 2794 partem
605 2747 716 2788 montes,
726 2733 845 2798 sylvaeque
853 2732 958 2779 ferarum

325 2796 471 2856 medere,
482 2812 567 2849 tenent
576 2815 661 2864 rupes,
671 2798 787 2865 vastaque
795 2799 910 2864 paludes,

325 2867 444 2925 Etmare,
455 2866 523 2930 quod
531 2866 581 2916 late
589 2882 708 2918 terrarum
716 2866 815 2917 distinet
824 2882 889 2918 oras.

324 2933 386 2984 inde
397 2934 457 3003 duaa
466 2934 542 2997 porro
551 2950 629 2998 prope
637 2951 718 2998 partes
726 2933 835 2986 fervidus
845 2933 930 2994 ardor,
955 2936 958 2940 '
1016 2958 1023 2974 ·

323 2998 485 3071 Affiduusquc
493 2999 545 3070 geli
555 3003 623 3056 casui
630 3002 776 3058 mortalibus
788 3006 906 3123 aufero?
