2725 4217
328 574 511 658 ΗΒΚ]
543 586 794 680 QUINTI.
872 597 942 677 167

284 701 360 777 VI.
375 702 525 776 Monstra
550 730 688 803 quoque
709 710 745 780 &
764 729 945 804 portenta,

226 801 356 900 'quibus
370 802 500 875 Natura
513 824 625 874 tamen
637 801 731 875 suum
752 830 857 901 genus
870 830 949 904 pro-

228 924 357 998 pagare
386 925 456 972 non
489 897 607 984 dedit,
634 901 677 974 ab
703 902 799 974 initio
823 902 948 976 Mundi

228 1021 345 1071 creata
368 995 460 1093 fuiffe
481 994 604 1070 censet.
625 997 752 1072 Veritm
780 1021 881 1098 negat
905 1003 948 1073 ab

231 1095 330 1167 initio
344 1090 467 1167 Mundi
480 1145 492 1179 ‚
517 1094 572 1170 vel
597 1094 662 1167 alio
681 1095 757 1194 post
770 1120 948 1195 tempore,

231 1190 323 1265 ullos
335 1217 483 1289 unquam
497 1190 636 1266 extitisse
652 1193 864 1278 Centauros,
890 1216 950 1266 aut

231 1289 389 1388 Scyllas,
408 1312 466 1361 aut
480 1290 676 1364 Chirnaeras.
696 1290 847 1362 Demum
860 1315 952 1388 quae-
1010 1330 1015 1340 ι

235 1389 279 1461 rit
296 1387 340 1461 de
355 1389 463 1484 primo
485 1388 658 1460 hominum
683 1387 831 1471 robore,
853 1387 949 1471 viti,

234 1486 347 1569 vien,
363 1483 479 1568 cultu,
494 1486 662 1571 moribus,
675 1484 872 1572 domiciliis,
884 1511 953 1560 ma-

232 1583 393 1654 trimonio
405 1604 505 1678 atque
518 1579 680 1658 sermone.

285 1773 391 1850 VII.
431 1772 549 1848 Docet
575 1777 666 1851 unde
693 1775 757 1850 illis
789 1801 883 1852 ortus
908 1777 949 1852 sit

231 1868 358 1969 Ignis:
394 1872 569 1969 quomodo
593 1899 694 1970 agros
718 1877 804 1946 inter
828 1874 860 1947 se
883 1878 949 1972 pri·

230 1969 322 2042 mim
334 1970 450 2065 partiri
460 1970 623 2061 coeperint
640 1993 704 2062 pro
723 1968 808 2040 fatie
827 1993 884 2042 aut
896 1974 950 2043 vi-·

229 2067 347 2148 ribus,
372 2086 429 2135 aut
440 2062 577 2158 ingenio
596 2060 781 2158 cujusque:
805 2089 951 2160 quomo-

231 2162 303 2248 do,
319 2160 459 2257 repertis
473 2183 555 2231 auro
575 2162 611 2232 &
634 2156 802 2255 pecunii,
819 2157 954 2232 divitio«

230 2285 285 2334 res
305 2258 434 2332 caeteris
454 2256 644 2328 hominibus
662 2255 953 2352 imperitaverint3

231 2356 366 2440 donec,
381 2352 455 2426 orti
475 2353 622 2438 invidit,
637 2353 751 2451 Reges
766 2353 866 2427 occisi
879 2351 953 2427 fue-

230 2456 318 2538 rint,
331 2479 371 2527 ac
382 2477 435 2525 res
448 2449 491 2524 ad
512 2450 647 2548 plebem
665 2449 828 2540 redierit,
842 2449 952 2554 leges-

230 2576 299 2650 ¹que
314 2554 432 2648 &jura
444 2547 565 2622 statuta
577 2546 713 2623 fuerint.

203 2740 205 2745 ’
285 2737 391 2816 VIII.
418 2741 576 2841 Denique
599 2742 668 2840 agit
690 2739 733 2814 de
758 2739 867 2840 primo
880 2739 950 2816 Re·

241 2834 250 2858 ⁶
277 2837 364 2910 'onis
383 2862 484 2925 ortu,
511 2837 672 2937 cultuque
697 2836 877 2912 Deorum:
904 2838 950 2914 de
1002 2856 1011 2878 ⁸

221 3020 230 3031 ‚
264 3020 269 3029 ,
309 2935 403 3038 allio
415 2962 520 3041 auro,
541 2957 704 3039 argento2
724 2959 811 3039 aere,
830 2935 952 3035 ferro&

845 3384 1151 3755 Α(
