2725 4217
341 552 402 629 „186'
543 541 896 623 niven-uiri
984 580 987 583 ·

377 726 500 788 Terraque
508 736 536 773 ut
543 721 570 774 in
577 720 658 775 rnedid
667 721 756 774 Mundi
763 721 867 789 regione
875 723 998 790 quiescat,

341 793 491 843 Evanescere
498 790 633 855 paulatim,
644 791 815 841 &decrescere
823 793 920 855 pondus

342 856 484 918 Convenit;
494 873 565 923 atque
572 856 644 907 aliar‘n
652 873 763 908 naturam
772 858 855 908 subter
862 858 954 911 habere

342 929 379 978 Ex
386 926 484 976 ineunte
493 941 546 976 evo
554 928 705 987 conjundam
715 960 722 983 ‚
733 940 805 990 atquc
813 925 896 977 uniter
903 929 984 993 aptarn

341 994 456 1045 Partibus
466 991 536 1043 adriis
545 991 648 1051 Mundi,
659 991 746 1057 quibus
754 991 823 1043 infita
831 992 898 1044 fidit.

341 1061 477 1125 Propterea
484 1076 535 1110 non
544 1059 577 1110 est
585 1058 669 1117 oneri,
680 1075 759 1125 neque
766 1058 886 1124 deprimit
893 1078 979 1115 rurae:

342 1132 376 1178 Ut
384 1131 425 1178 sua
436 1126 522 1193 cuique
532 1125 627 1177 homini
637 1126 708 1177 nullo
718 1128 772 1176 sunt
780 1129 891 1191 pondere
901 1130 1023 1196 membrtg

339 1196 395 1246 Nec
406 1211 479 1260 caput
487 1194 520 1244 est
529 1191 599 1245 oneri
611 1193 694 1252 collo,
704 1209 749 1244 nec
758 1192 862 1259 denique
870 1210 954 1248 totum

341 1263 463 1327 Corporis
472 1262 497 1312 in
505 1260 606 1326 pedibus
614 1261 710 1325 pondus
718 1260 927 1316 sentimuciness'e.

338 1326 968 1395 ‘Atquaecunqucsorisveniunt,inpostaquenobit
1038 1365 1039 1368 =

342 1399 457 1448 Pondera
465 1401 534 1454 sunt,
544 1396 634 1447 laedunt
642 1395 767 1460 permulto
774 1398 834 1460 sepe
842 1397 949 1450 minora.

340 1467 418 1530 Usque
428 1466 490 1517 adeo
499 1462 581 1530 magni
591 1466 679 1520 refert,
692 1461 732 1514 cui
742 1479 792 1528 qurc
800 1464 911 1527 adjaceat
918 1483 965 1520 rec.

340 1531 380 1582 Sic
390 1532 467 1598 igitur
475 1533 559 1584 Tellus
567 1547 618 1580 non
628 1529 660 1580 est
669 1528 749 1581 aliena
756 1533 857 1595 repente

341 1599 449 1657 Adran,
459 1613 531 1664 atque
541 1597 605 1648 auria
613 1596 712 1648 aliunde
719 1599 810 1661 objecta
819 1597 906 1649 alienis
915 1615 923 1648 t

339 1666 386 1715 Sed
396 1664 488 1728 pariter
495 1662 701 1729 primaiconcepta
709 1665 738 1714 ab
747 1664 844 1731 origine
852 1663 955 1724 Mundi,

264 1744 275 1759 ⁶
340 1734 461 1797 certaque
468 1748 524 1796 parc
531 1732 582 1795 ejus
591 1766 598 1790 ,
608 1732 672 1797 quas
679 1732 752 1784 nobis
760 1733 883 1792 membra,
893 1733 1002 1789 videtur,

370 1881 490 1934 Praeterea
499 1882 587 1949 grandi
596 1883 692 1936 tonitru
700 1884 811 1936 concussa
820 1887 922 1950 repente

337 1952 428 2009 Terra,
438 1952 508 2015 supra
517 1953 539 2002 se
547 1968 597 2018 qun
605 1955 673 2010 sunt,
685 1953 800 2004 concutit
807 1951 890 2004 omnia
897 1966 983 2016 motn3

339 2019 416 2080 Quod
423 2021 502 2068 facere
511 2017 575 2070 haud
586 2019 825 2084 ullipoffetratione
834 2056 841 2078 ‚
851 2018 961 2074 nifieffet

338 2085 450 2136 Partibus
457 2085 529 2138 atriis
537 2086 638 2147 Mundi,
648 2088 767 2154 Coeloque
776 2087 892 2141 revincta.

335 2157 403 2205 Nam
415 2154 585 2206 communibus
591 2153 656 2206 inter
664 2157 688 2204 se
696 2155 818 2206 radicibus
824 2156 916 2206 haerent

336 2225 373 2272 Ex
382 2221 540 2273 ineuntcaevo
549 2224 687 2284 coninua,
699 2238 769 2289 atque
777 2222 857 2274 uniter
868 2237 933 2287 apta.

335 2291 430 2340 Nonne
437 2288 506 2340 vides
514 2288 604 2348 etiarn,
614 2289 686 2354 quim
695 2307 784 2356 magno
793 2291 902 2355 pondere
908 2289 982 2344 nobit

335 2355 862 2421 SustineatcorpustenuiffitnavisAnirna'i,

336 2425 472 2489 Propterea
482 2422 536 2490 quia
546 2440 596 2475 tarn
609 2426 747 2487 conjuncta,
761 2440 832 2491 atque
843 2423 924 2478 uniter
933 2440 988 2492 apta
995 2425 1038 2478 est!

335 2492 449 2558 Denique
456 2494 503 2554 iam
513 2493 575 2543 saltu
582 2491 676 2556 pernici
686 2493 777 2543 tollere
786 2511 876 2558 corpus

336 2558 400 2619 Quis
408 2559 476 2624 potic
483 2560 528 2617 est,
538 2559 626 2610 nifivis
633 2557 729 2610 Anime
737 2576 787 2626 quae
795 2562 903 2611 membra
910 2560 1036 2627 gubernatr

334 2626 890 2692 Jamnevidesquantumtenuisnaturavalere

334 2692 426 2752 Posfit,
438 2695 479 2746 ubi
488 2695 521 2746 est
530 2697 655 2758 conjuncta
662 2695 733 2761 gravi
742 2713 796 2746 cum
804 2711 926 2762 corpore,
941 2710 969 2749 ut
975 2695 1029 2750 Aer

334 2760 482 2823 conjunctus
491 2762 586 2821 Terris,
595 2768 618 2815 dc
626 2764 699 2814 nobis
707 2763 740 2814 est
749 2761 836 2814 Animi
843 2763 899 2816 vis!

361 2890 413 2940 Nec
424 2893 573 2949 nimioSolic
581 2898 733 2960 minnota,
745 2913 790 2950 nec
797 2896 880 2948 minor
892 2898 967 2950 ardor

322 2955 374 3012 Effe
381 2961 474 3026 potest,
484 2963 574 3034 nostrie
582 2966 654 3035 quum
661 2966 764 3023 senfibuc
771 2965 818 3038 effe
825 2965 941 3036 uidetur,
