2725 4217
435 567 598 643 LIBER
626 564 890 670 QUINTUS.
986 566 1046 656 r'75¹

329 679 399 744 Quid
407 672 491 745 po'tuit
500 675 620 730 novitatis
627 692 737 726 amorem
746 678 879 728 accendere
887 676 949 728 tuli!

326 751 384 807 An,
396 749 486 805 credo,
496 747 522 797 in
530 743 638 797 tenebris
645 743 699 794 vita
708 760 735 793 ac
744 760 849 795 rnoetore
856 745 969 808 iacebat,

325 818 414 881 Donee
423 814 513 865 diluxit
521 831 602 881 rerum
611 809 728 878 genitalis
737 808 812 875 origo
822 813 830 859 Ξ

326 884 427 946 Quidve
435 882 492 932 mali
500 885 580 932 fuerat
587 879 660 931 nobis
668 876 773 928 nonesse
783 877 884 928 creatis!

325 953 404 1001 Natus
415 950 479 1000 enim
489 950 563 1000 debet
571 947 708 1013 quicunque
715 946 762 1003 est,
772 945 839 995 velle
848 960 946 996 manere

324 1017 420 1075 invita,
437 1019 517 1068 donec
526 1015 644 1066 retinebit
652 1014 740 1064 blanda
749 1012 876 1078 voluptas.

325 1084 375 1146 Qui
384 1101 505 1150 nunquam
512 1086 574 1134 verb
584 1083 640 1133 vitae
648 1080 755 1148 gustavit
765 1097 872 1132 amorem
883 1116 891 1139 ,

324 1154 378 1204 Nec
387 1153 436 1213 suit
445 1153 592 1210 innumero,
607 1149 666 1216 quid
677 1147 744 1200 obest
752 1163 803 1198 non
811 1148 859 1199 effe
869 1151 992 1199 creatum?

356 1280 501 1343 Exemplum
508 1282 585 1345 porrd
596 1279 729 1346 gignundis
738 1280 823 1335 rebus,
833 1280 855 1327 ἃ
864 1275 916 1339 ipsa

321 1346 438 1399 Notities
446 1348 588 1405 hominum,
597 1347 671 1399 Divis
680 1349 745 1399 unde
753 1347 822 1399 insita
833 1343 953 1409 primitur,

324 1413 393 1478 Quid
402 1415 497 1466 veilent
505 1419 585 1466 facere
593 1431 620 1466 ut
628 1415 735 1475 scirent,
747 1415 878 1478 animoque
890 1411 1021 1461 viderent?

323 1483 415 1543 Quove
427 1486 504 1546 modo
513 1483 546 1534 est
554 1499 657 1548 unquam
665 1482 703 1543 vis
711 1481 813 1548 cognita
822 1478 1020 1545 principiorum,

323 1547 447 1612 Quidnam
456 1549 521 1601 inter
529 1553 577 1601 sese
586 1566 726 1615 permutato
736 1550 824 1601 ordine
832 1546 946 1612 poss'ent,
1010 1597 1013 1603 ,

321 1615 345 1666 si
353 1631 404 1666 non
413 1614 462 1681 ipsa
472 1617 542 1669 dedit
550 1617 671 1683 specimen
678 1620 772 1668 Natura
781 1615 895 1669 creandi?

322 1684 385 1733 Nun
405 1700 433 1735 ue
443 1684 478 1735 itt
487 1687 565 1737 multa
572 1685 654 1736 modis
663 1684 748 1737 multis
755 1681 891 1751 primordia
899 1698 980 1733 return

322 1749 391 1801 Exin
426 1750 516 1814 inuiam
524 1770 636 1818 tempore
644 1750 739 1818 percita
746 1753 843 1820 plagit,

322 1817 519 1886 Ponderibusque
527 1820 578 1881 suis?
585 1822 732 1873 consuerunt
742 1820 840 1871 concita
850 1816 909 1868 ferri
919 1851 927 1874 ‚

323 1885 525 1965 omnimodisque
533 1888 615 1948 coire,
627 1905 699 1954 atque
708 1888 791 1939 omnia
799 1900 952 1953 pertenente,

321 1955 476 2017 Querunque
484 1971 548 2003 inter
557 1956 580 2003 se
589 1956 679 2018 poffint
689 1953 813 2018 congressa
820 1967 917 2007 creare,

319 2025 410 2072 Utnon
418 2021 447 2068 sit
455 2019 559 2075 mirum,
573 2023 590 2069 si
599 2020 625 2068 in
632 2021 695 2068 tuler
704 2019 858 2084 disppsituras

318 2085 476 2137 Deciderunt
484 2102 596 2149 quoque,
607 2090 630 2135 dt
642 2085 668 2133 in
675 2085 739 2133 tales
750 2082 840 2132 venete
849 2094 956 2133 mentun,

318 2152 442 2217 Qualibus
451 2152 500 2203 haec
510 2168 590 2201 rerum
599 2149 699 2218 genitur
707 2166 770 2200 nunc
778 2143 1009 2211 Summnnovando.

352 2282 429 2347 Qudd
440 2282 513 2344 fijam
522 2295 602 2330 return
610 2275 725 2343 ignorem
732 2275 872 2344 primordia
881 2288 931 2342 qun
939 2272 1000 2329 smt,

318 2353 377 2404 Hoc
387 2365 470 2401 tamen
480 2366 508 2399 et
518 2347 573 2412 ipsu
583 2345 647 2400 Coeli
657 2345 794 2397 rationibus
802 2346 874 2397 ausim

318 2419 486 2477 confirmare,
497 2415 599 2480 aliisque
608 2430 638 2465 ex
646 2415 717 2464 rebus
727 2415 829 2465 reddere
838 2409 923 2463 multis
933 2444 942 2468 ,

317 2489 477 2553 Nequaquam
486 2482 558 2534 nobis
567 2479 687 2533 divinitus
695 2480 742 2536 esse
750 2498 857 2546 patmum

316 2556 438 2607 Naturam
448 2568 544 2612 rerum3
554 2550 621 2602 tanti
628 2549 673 2600 stat
680 2548 783 2614 praedita
791 2549 873 2614 culpi.

350 2658 492 2721 Principii),
502 2659 618 2724 quantum
627 2656 691 2711 coeri
699 2659 764 2725 tegit
772 2657 877 2722 impetur
888 2652 988 2717 ingens,

316 2726 378 2778 inde
387 2726 484 2776 avidam
494 2743 589 2790 partem
596 2743 707 2783 montes,
718 2728 836 2793 sylvaeque
846 2728 949 2773 ferarum

316 2793 462 2852 Ροίῐεάὲκ,
473 2808 558 2845 tenent
568 2811 652 2859 rupes,
662 2793 778 2860 vasteque
785 2794 902 2859 paludes,

316 2864 349 2912 Et
356 2877 436 2921 mare,
447 2863 513 2927 quod
522 2862 572 2912 late
580 2878 699 2914 terrarum
707 2861 806 2913 distinet
815 2877 880 2911 oras·

315 2929 377 2981 inde
388 2931 448 2981 duae
457 2931 533 2993 porri)
542 2947 620 2994 prope
628 2946 710 2995 partes
717 2927 827 2981 fervidus
836 2927 922 2988 ardor,
946 2929 949 2934 ’
1008 2951 1015 2967 ·

315 2992 476 3067 Affiduusque
484 2996 536 3066 geli
546 2999 614 3052 casui
622 2997 767 3053 mortalibus
779 3001 898 3117 aufem?

907 3079 925 3122 4
