2725 4217
276 558 332 618 150
476 537 513 601 T.
542 516 820 600 Lucretii

275 643 357 695 Multa
365 637 447 690 modis
456 638 541 690 multis
551 637 641 688 docui:
654 637 696 686 sed
706 635 812 700 plurima
822 634 913 690 debent

276 716 313 763 Ex
322 706 467 760 animalibus
475 706 522 764 iir,
532 722 582 772 quae
592 709 646 755 sunt
657 703 765 755 exercita
773 719 862 764 motu3

277 778 405 842 Multaque
413 792 458 840 per
465 777 579 826 sudorem
589 790 617 823 ex
626 773 679 822 alto
688 767 764 836 pressa
773 776 902 828 feruntur3

278 847 359 897 Multa
368 859 410 907 per
418 842 464 894 hos
474 843 632 900 exhalantur,
642 841 697 889 citm
705 838 823 906 languida
832 839 955 896 anhelant.

278 913 327 965 His
336 910 414 977 igitur
420 911 491 961 rebua
498 909 599 960 rarescit
608 923 714 971 corpus,
725 910 748 956 δι
758 906 841 957 omnis

278 977 408 1032 subruitur
416 990 516 1035 natura;
527 976 601 1027 dolor
609 991 680 1040 quam
689 974 848 1039 consequitur
857 989 919 1026 rem.

282 1050 417 1111 Propterea
427 1044 523 1110 capitur
530 1043 611 1098 cibus,
619 1058 647 1091 ut
655 1041 779 1092 suffulciat
789 1057 871 1101 artus,

283 1116 315 1166 Et
323 1127 418 1164 recreet
425 1113 490 1165 vires
498 1112 649 1167 interdatur,
659 1125 731 1174 atque
738 1123 865 1174 patentem

282 1184 332 1233 Per
342 1180 450 1231 membra
459 1198 487 1231 ac
496 1197 570 1231 venas
578 1193 606 1228 ut
613 1193 722 1226 amorem
731 1177 834 1228 obturet
841 1171 942 1228 edendi.

284 1253 385 1300 Humor
392 1247 453 1300 item
463 1247 567 1298 discedit
577 1243 707 1302 inmunia,
717 1260 768 1310 qua
776 1246 938 1310 locatumque

284 1317 393 1367 Poscunt
401 1315 528 1366 humorem
537 1333 545 1375 3
554 1313 738 1380 glomerataque
746 1312 826 1363 multa
832 1309 935 1376 vaporis

286 1387 338 1435 Cor
358 1399 414 1441 ora,
426 1399 476 1448 que
484 1380 609 1434 stomacho
618 1379 726 1444 prebent
734 1377 953 1434 incendiauostm,

286 1449 322 1501 Di
343 1464 402 1516 upat
409 1450 540 1500 adveniens
548 1447 645 1514 liquor,
656 1465 683 1497 ac
692 1445 837 1513 restinguit,
848 1462 877 1499 ut
884 1445 983 1515 ignem·
1041 1482 1044 1490 .

288 1524 365 1568 Urere
372 1534 402 1568 ne
410 1519 485 1582 poffit
492 1519 560 1568 calor
568 1513 671 1579 amplius
678 1512 845 1566 ariduaartus.

290 1584 329 1635 Sic
337 1584 414 1648 igitur
423 1584 470 1635 tibi
479 1585 564 1634 anhela
572 1582 622 1634 titis
632 1583 662 1632 de
671 1597 777 1646 corpore
785 1580 871 1633 nostro

290 1650 412 1702 Abluitur
417 1669 426 1712 3
435 1653 467 1702 sc
476 1652 588 1716 expletur
596 1651 676 1714 jejuna
685 1649 786 1714 cupido.

324 1802 412 1861 Nunc,
423 1800 464 1868 qul
472 1802 515 1853 fiat
524 1800 560 1852 uti
568 1801 646 1865 passus
653 1804 765 1866 proferre
774 1818 907 1868 queamus,

293 1869 356 1920 Ciam
365 1870 496 1929 volumus,
511 1868 626 1936 varieque
640 1869 722 1920 datum
733 1869 762 1920 sit
771 1872 879 1922 membra
887 1878 1003 1929 moveres

293 1940 383 2002 thuae
394 1938 533 1988 restantirm
541 1937 589 1989 hoc
600 1936 836 2003 onerieprotrudere
846 1935 925 1989 nostri

294 2003 416 2069 Corporis
423 2004 538 2064 insuerit,
548 2003 642 2055 dicam:
651 2022 693 2063 ru,
704 2003 804 2070 percipe
819 2005 892 2057 dista.

294 2072 379 2132 Dico,
389 2073 482 2126 Animo
492 2073 575 2124 nostro
582 2071 688 2138 primitur
695 2072 828 2123 simulacra
835 2071 934 2124 meandi

295 2140 421 2193 Accidere
431 2178 438 2200 ‚
448 2158 520 2208 atque
528 2141 646 2191 Animum
655 2141 765 2206 pulsare,
775 2156 802 2192 ut
811 2139 916 2191 diximus
926 2138 992 2193 antii

297 2208 359 2261 Inde
367 2209 532 2268 voluntasfit3
542 2225 620 2274 neque
630 2207 696 2258 enim
704 2210 784 2258 facere
792 2208 883 2273 incipit
891 2209 968 2259 ullam

296 2279 361 2329 Rem
370 2277 502 2342 quisquam,
510 2277 581 2340 quim
590 2273 784 2339 menspr‘ovidit,
793 2275 852 2341 quid
862 2275 935 2334 velit,
944 2273 1005 2326 ante·

299 2345 352 2401 At,
364 2344 430 2409 quod
438 2343 567 2408 providet,
578 2342 646 2393 illius
653 2341 689 2394 rei
698 2342 791 2394 constat
798 2349 896 2411 Imago.

299 2413 368 2478 Ergo
374 2411 480 2463 Animus
487 2411 541 2461 cium
551 2413 597 2461 sese
604 2409 639 2461 ita
649 2425 805 2470 commovet,
817 2428 844 2463 ut
851 2411 916 2463 velit
923 2410 975 2471 ire,

300 2484 377 2546 Inque
386 2478 538 2546 gredi,ferit
546 2479 684 2542 extemplo,
698 2477 782 2543 quein
795 2495 968 2544 corporetoto

299 2547 349 2596 Per
361 2547 469 2598 membra
478 2561 548 2612 arque
559 2561 638 2602 artus,
647 2544 740 2595 animai
749 2546 829 2599 dissita
841 2545 879 2597 vis
892 2548 937 2600 est·

300 2613 412 2664 Etsacile
424 2614 457 2665 est
465 2617 543 2674 sollu,
555 2613 669 2680 quoniam
679 2614 803 2675 coniuncta
811 2630 921 2668 tenetur.

299 2682 360 2730 Inde
369 2698 396 2730 ea
407 2681 529 2747 proporro
538 2699 626 2746 corpur
634 2680 706 2740 ferit,
721 2698 792 2749 atque
804 2681 840 2733 ita
848 2699 905 2734 tota

302 2748 423 2799 Paulatim
432 2751 510 2801 moles
518 2749 674 2815 protruditur
684 2764 756 2815 atque
765 2766 891 2803 movetur.

303 2814 422 2866 Praeterea
432 2833 485 2869 turn
494 2818 594 2869 rarescit
603 2834 700 2884 quoque
709 2835 814 2883 corpus,
828 2823 851 2868 dr
860 2821 916 2881 a'efr,

303 2878 404 2933 Scilicet
412 2899 440 2933 ut
448 2886 534 2945 debet,
545 2884 585 2952 qui
593 2889 687 2950 semper
695 2886 796 2938 mobilis
804 2887 894 2945 exstat,

303 2949 352 3006 Per
358 2953 477 3014 patefacta
485 2952 554 3008 veuit
562 2989 569 3014 ,
577 2968 739 3026 penetratque
746 2953 868 3015 foramina
880 2953 982 3022 [argues
