2725 4217
391 559 522 656 ¹'amp
594 554 1069 633 'ARGUMENTUMf
1144 618 1149 675 1

440 702 1150 758 ...ι--ι--ι-

442 854 1131 977 ,ΑΚΟΠΜΕΝΤΗΜ

550 1046 996 1132 'LIBRISEXTL

444 1178 735 1338 PRorusus
762 1240 887 1338 ubique
914 1238 1151 1313 Lucretiusin

391 1350 397 1358 ’
441 1335 715 1435 Antesrgnanisui
725 1337 862 1436 Epicuri
873 1337 989 1410 laudes
1003 1334 1153 1421 ‚sextum
1183 1366 1188 1372 ·

441 1436 531 1508 hunc
551 1436 673 1507 librum
687 1435 873 1533 auspicatur
886 1436 927 1508 ab
941 1435 1152 1508 Athenarum

441 1538 617 1615 cucumim
668 1561 718 1605 uae
739 1556 869 1605 tantum
894 1533 1004 1606 virum
1025 1556 1153 1629 geuue-

440 1632 518 1700 rint.
549 1559 682 1702 Deinse
703 1631 780 1703 iibri
801 1632 898 1728 hujus
918 1653 1151 1727 argumentum

437 1726 502 1796 rite
520 1723 647 1796 socians
661 1753 740 1798 cum
752 1729 790 1798 iis
805 1752 879 1824 quae
892 1723 1054 1823 superiori
1065 1727 1153 1800 iibrd

437 1820 602 1919 disputata
615 1819 690 1894 sunt
713 1822 755 1895 de
776 1826 889 1898 nativo
909 1824 1008 1922 hujus·
1029 1824 1150 1898 Mundi

438 1943 534 2003 ortu,
547 1919 748 2018 mortalique
759 1923 916 2004 interitu,
955 1924 1043 2020 ergit
1057 1940 1149 1996 natu·-

436 2028 659 2102 ram'eorum,
674 2041 749 2114 quae
765 2025 911 2091 Maura
925 1946 1088 2108 ticinus,
1102 2022 1148 2093 in·

436 2111 709 2212 titsperscrutari.

488 2213 540 2298 At
566 2237 631 2294 ue,
653 2235 691 2283 ut
706 2209 796 2282 omni
810 2209 958 2310 depositas
970 2209 1146 2288 formidine

434 2238 598 2382 Morjtaies
609 2331 734 2404 queant
747 2309 820 2380 irati
836 2309 929 2384 Jovis
948 2311 1073 2385 intueri
1086 2309 1146 2384 ful·

434 2407 522 2477 mina
536 2457 546 2490 ,
559 2404 671 2477 'docet
692 2403 722 2476 I.
738 2403 779 2476 de
799 2409 953 2491 mitra,
967 2410 1064 2506 quod
1077 2408 1144 2483 fieri

434 2525 531 2598 putat
550 2501 607 2575 vel
623 2527 666 2573 ex
688 2500 881 2587 collisione,
902 2529 960 2576 aut
982 2508 1143 2582 corrafio-

433 2624 500 2682 ne,
522 2621 579 2671 aut
610 2595 812 2696 disruptione
836 2601 1000 2686 nubium,
1037 2607 1145 2679 ventis

432 2719 550 2767 contra
563 2696 789 2793 pugnantibus
799 2721 812 2783 3
834 2697 890 2773 vel
914 2726 957 2772 ex
977 2701 1013 2773 vi
1027 2706 1144 2776 ventu·

431 2813 527 2873 rum,
543 2815 611 2864 =aut
625 2795 709 2866 intra
734 2794 841 2867 nubes
867 2797 1148 2884 colluctantium

431 2907 491 2958 aut
517 2899 575 2962 ea's'
588 2891 746 2999 invicem
773 2894 969 2993 agitantium
980 2919 994 2983 3
1018 2898 1077 2976 vei
1102 2904 1150 2973 eii*

222 3506 559 3734 ,Α
