2725 4217
431 566 472 634 ra·
630 565 668 633 u.
695 562 968 633 cucurrit
1011 536 1014 540 ’

434 689 490 739 Nec
500 703 543 752 per
551 689 575 738 se
584 705 727 754 quemquam
734 691 841 751 Tempus
848 687 937 739 sentire
944 688 1070 745 fatendum
1077 689 1118 760 est

432 759 559 808 semotum
567 758 597 806 ab
606 773 686 807 rerum
696 771 780 814 motu,
790 754 934 822 placidique
943 757 1038 823 quiete.
1122 772 1131 789 ‘

466 890 578 956 Denique
585 887 751 957 Tyndaridem
761 903 869 953 raptam,
881 891 996 956 belloque
1004 892 1115 946 subadaa

433 955 584 1024 Troiugenas
593 970 678 1023 gentes
689 955 744 1006 cium
755 954 841 1007 dicunt
849 956 911 1016 eise,
925 958 1063 1012 videndum
1070 962 1125 1022 est,
1137 980 1141 988 ·

433 1026 474 1076 Ne
484 1025 551 1075 sorti
559 1025 608 1074 haec
618 1025 709 1089 perse,
724 1039 814 1087 cogant
824 1040 870 1074 nos
879 1023 926 1074 eise
934 1026 1023 1078 fateri:
1102 1039 1105 1043 ’
1141 1045 1146 1052 ·

432 1087 1160 1167 Quandoeasaeclahominum,quorumhaecEvenrafuerep.

431 1157 606 1212 Irrevocabilis
615 1156 740 1212 abstulerit
749 1158 795 1220 jarn
806 1159 926 1222 preterita
935 1175 1002 1212 erar.

432 1229 544 1292 Namque
557 1224 625 1276 aliud
634 1223 797 1291 reburs„aliud
807 1224 949 1290 regionibus
962 1225 1019 1292 ipfie

431 1296 554 1346 Eventum
565 1292 616 1343 dici
624 1291 735 1365 poterit,
746 1293 916 1359 quodcunque
924 1292 974 1345 erit
982 1298 1071 1350 acaum.
1139 1353 1143 1365 ,

466 1427 580 1493 Denique
588 1426 701 1484 materies
711 1426 816 1477 firerurn
825 1427 894 1478 nulla
902 1427 1000 1487 fuisset,

433 1495 487 1546 Nec
495 1497 590 1553 Locus,
602 1511 629 1544 ac
638 1493 760 1557 Spatium,
770 1510 807 1544 rer
814 1493 840 1544 iu
849 1513 897 1560 quo
907 1512 1004 1562 quaque
1013 1512 1146 1572 gerunturj

431 1559 1030 1628 NunquamTyudaridiuformaeconflaruaamore
1141 1584 1144 1591 ·

432 1627 500 1692 Ignis
508 1627 643 1679 Alexandri
651 1626 761 1705 Phrygio
771 1631 813 1679 sub
823 1635 920 1694 pedore
929 1630 1035 1708 gliscens
1140 1653 1144 1659 ·

433 1697 507 1747 Clara
518 1694 665 1747 accendisset
673 1697 728 1745 [ενι
738 1697 870 1746 certamina
878 1698 937 1748 belh
948 1716 955 1750 e

432 1765 488 1814 Nec
496 1763 559 1812 ciam
570 1764 683 1813 durateus
690 1763 777 1823 Trojai'
784 1764 901 1830 Pergama
908 1781 981 1830 partu

430 1830 601 1885 Inflammaffet
611 1847 686 1896 equus
697 1834 814 1881 nodumo
823 1833 1035 1898 Graiugenuumt

430 1896 573 1963 Perspicere
581 1913 608 1948 ur
616 1898 689 1963 poffis
697 1914 735 1949 rer
743 1898 819 1962 gestas
827 1899 938 1951 funditur
947 1916 1049 1961 ornnes,

430 1968 491 2017 Non
499 1965 534 2016 ira
543 1963 579 2016 uti
588 1982 678 2030 corpus
685 1981 730 2030 per
739 1966 761 2014 se
772 1965 895 2024 constare,
909 1983 955 2018 nee
964 1965 1011 2018 esse
1022 1983 1030 2016 ε

430 2036 487 2085 Nee
495 2033 591 2083 ratione
601 2034 682 2083 cluere
692 2032 793 2090 eidem,
803 2033 849 2097 qui
856 2035 1048 2086 constatluaue:
1062 2080 1066 2089 .

428 2102 478 2153 Sed
484 2099 561 2167 magis
570 2116 597 2155 ut
605 2099 695 2151 merito
704 2099 777 2165 poifis
785 2103 879 2152 Eventu
888 2119 978 2152 vocare

428 2173 585 2238 ¹Corporum,
596 2184 668 2236 atque
675 2166 753 2228 Loci,
764 2183 802 2219 res
812 2167 839 2219 in
846 2185 895 2240 quo
905 2186 1001 2236 quaeque
1010 2180 1143 2241 gerarum

463 2301 1070 2373 Corporasuntporrdparrinrprimordiarerum‚
1140 2328 1143 2333 ·

426 2371 522 2423 Partim
532 2369 641 2422 concilio
650 2386 702 2436 quar
710 2370 823 2422 constant
829 2371 1017 2437 principiorum.

426 2442 475 2492 Sed
484 2456 534 2506 quae
543 2442 597 2490 suut
608 2455 689 2489 rerum
700 2437 851 2502 primordia,
862 2441 930 2491 nulla
939 2440 1020 2505 potest
1028 2439 1069 2492 via

426 2507 568 2574 stringere:
582 2523 637 2557 narn
646 2505 838 2558 solidovintunt
851 2524 878 2557 ea
888 2524 995 2571 corpore
1003 2509 1122 2581 demumj

426 2576 477 2626 Etsi
485 2575 588 2626 difficile
597 2574 644 2624 effe
652 2573 751 2624 videtur
761 2576 874 2634 credere,
889 2573 1021 2642 quidquam

427 2645 457 2692 ln
467 2643 536 2693 rebus
544 2641 626 2692 solido
635 2638 738 2706 reperiri
748 2658 854 2705 corpore
863 2641 940 2706 poise-

426 2708 521 2758 Tranfit
529 2709 594 2759 enirn
603 2710 696 2760 fulmen
709 2707 766 2759 coeli
778 2725 822 2773 per
834 2712 900 2772 septa
910 2708 1060 2770 domorum

427 2775 529 2824 clamor
537 2791 577 2834 ut,
588 2794 615 2826 ac
624 2792 699 2828 vocer
708 2793 714 2823 τ
724 2779 816 2826 ferrum
825 2775 949 2827 candescit
959 2775 985 2826 in
993 2772 1065 2845 igue:

427 2839 601 2911 Diffiliuntque
609 2847 662 2895 fero
671 2843 791 2895 ferventia
801 2847 854 2894 saxa
864 2860 972 2908 vapore.

413 2908 638 2974 Coulabefafiatur
650 2911 720 2977 rigor
728 2908 780 2960 auri
794 2910 898 2962 solvitur
906 2910 974 2961 astur

382 3012 384 3016 ·
425 2975 490 3039 ‚Tum
500 2974 1025 3095 giacicruripflanuuidevioialiquescitap

1026 3055 1139 3114 ‘minii
