2725 4217
375 568 855 642 ''LIBRIPRIML
945 592 1041 646 xxxv

322 682 376 760 'ait
387 733 398 771 ‚
421 709 461 758 ut
486 684 694 770 insecabilia,
717 708 860 770 aeterna,
883 681 1041 759 &solida

323 784 391 855 sint
404 807 566 881 corpora,
578 809 621 855 ex
633 783 755 882 quibus
766 806 878 854 tamen
893 806 943 853 res
957 780 1042 855 mol·

323 879 402 964 ies,
432 882 604 977 interjedio
628 883 752 962 Inani,
774 876 871 975 aeque
891 902 928 948 ac
949 877 1042 951 durae

328 975 423 1048 fiant.
447 973 535 1048 Cinn
551 1000 662 1048 autem
677 1002 716 1048 ea
735 975 799 1047 sint
817 974 953 1046 minima
969 1000 1043 1046 cor-

323 1094 431 1240 Eota,
443 1071 546 1145 docet
561 1073 639 1145 inde
658 1071 741 1237 §uid
759 1071 824 1154 stt,
841 1067 936 1167 quod
950 1070 982 1141 in
994 1095 1045 1158 req

322 1240 330 1256 ‚
356 1193 394 1239 us
407 1171 590 1237 Minimum
605 1173 659 1263 qui
692 1167 797 1265 vulgo
812 1172 966 1243 vocatur.

382 1355 458 1433 VI.
489 1357 543 1431 Ex
570 1357 674 1433 litatis
693 1360 740 1432 ita
767 1382 808 1434 a'c
828 1357 957 1439 statutis
979 1357 1045 1441 suis

324 1457 436 1554 'princi
461 1457 497 1528 iis
507 1507 518 1540 ,
538 1384 644 1530 do'e'ta
657 1480 810 1531 veterum
820 1454 1043 1554 Philosopho-

324 1565 404 1624 'runt
428 1481 471 1625 de
488 1577 600 1625 rerum
622 1555 736 1652 primis
754 1552 942 1649 primordiis
966 1555 1044 1651 opi-

324 1650 445 1725 niones
466 1648 647 1747 explodit:
673 1649 732 1722 sed
753 1653 786 1721 in
829 1651 918 1722 rimis
935 1649 1043 1724 Hera·

326 1745 424 1829 cliti,
444 1748 502 1843 qui
515 1770 620 1818 unum
639 1749 750 1844 ignem
761 1770 774 1834 ;
797 1675 1042 1842 Empedoclis,

354 1843 389 1913 ui
412 1839 577 1927 Terram,
610 1844 780 1941 Aquam,
815 1842 973 1927 Aerem,
1005 1846 1043 1918 ὃ(

325 1867 474 2034 ignem
497 1938 733 2037 Anaxagorae,
752 1942 811 2037 qui
821 1938 1044 2011 Homoeome·

325 2037 412 2108 riam
424 2085 434 2118 ‚
461 2058 561 2132 quam
591 2037 704 2125 Graeci
727 2053 874 2117 vocant,
905 2034 973 2107 hoc
997 2031 1044 2105 est

328 2129 423 2230 quasi
451 2129 684 2205 fundaritatem
707 2133 853 2228 partium
878 2131 912 2200 in
943 2128 1044 2203 rebus

328 2227 478 2324 genitis,
500 2249 658 2327 tanquam
672 2231 780 2326 prima
799 2251 911 2300 rerum
924 2226 1045 2322 princi.

330 2325 387 2422 pia
397 2319 593 2408 statuerunt.
922 2332 925 2338 ’

383 2512 484 2589 VH.
508 2513 700 2588 Contendit
717 2512 847 2589 Totum
858 2563 870 2598 ,
892 2510 1046 2585 squni.-·

332 2610 464 2687 versum
477 2611 643 2684 infinitum
658 2609 795 2709 quidem
809 2608 871 2681 eise
885 2660 896 2693 ‚
912 2607 986 2681 cim
1001 2636 1045 2685 ex

330 2707 543 2780 Atomorum
555 2707 769 2780 multitudine
779 2705 960 2791 innumeri,
970 2729 1043 2783 tum

331 2828 378 2875 ex
399 2808 511 2872 [nanis
530 2803 687 2877 immensi
708 2801 962 2899 magnitudine:
986 2801 1045 2877 sed

287 3002 289 3005 ·
329 2900 444 2999 arguit
458 2902 491 2973 in
506 2900 705 3017 corporibus
715 2896 904 3013 frangendis
909 2896 1047 2990 ,rebus-¹
