2725 4217
311 591 650 664 neveram
676 594 829 666 enar.
904 594 942 691 xj
1036 619 1040 626 ·

226 705 312 772 lillis:
340 707 461 770 altemm
487 710 551 770 luce
570 707 701 785 populari
721 731 842 780 carere,
862 707 945 772 suum

229 787 946 944 {¹552}{1¹a²⁸f“,:0l¹3²nll¹s¹ld?'asnalla

231 945 279 1006 sed
299 947 375 1028 finge
388 906 431 1007 ita
450 890 587 1008 sterile:
604 945 708 1021 procul
726 947 812 1008 dubio
828 948 875 1014 is,
895 912 945 1024 ciui

232 1023 409 1086 AEdilitatetu
428 1027 592 1094 ma'orem,
610 1024 787 1093 Praeturam,
809 1023 947 1086 Consula-

235 1122 298 1167 tutn
314 1105 429 1183 adeptus
444 1047 534 1170 ellet,
552 1120 584 1162 ut
598 1103 728 1175 Marcus,
751 1103 891 1164 Senatorii
903 1125 949 1164 ot·

235 1183 309 1244 dinis
317 1182 404 1241 ladius
416 1181 482 1242 esset
493 1203 503 1252 ς
514 1181 564 1240 ille
584 1182 677 1250 alter,
699 1183 747 1259 qui
758 1182 869 1242 nullum
887 1203 950 1241 ma·

257 1259 381 1320 'liranrm
395 1257 534 1340 geffillet,
554 1258 584 1317 in
605 1257 723 1335 equestri
747 1260 845 1320 ordine
867 1281 958 1320 marr-¹

232 1283 317 1402 luet.
335 1337 403 1397 Hoc
418 1337 494 1398 idem
513 1337 547 1396 de
560 1335 656 1397 nostro
667 1337 738 1399 Tito
752 1340 844 1400 dicere
860 1340 959 1407 licet,

235 1439 304 1481 eum
322 1414 441 1494 equestri
462 1415 560 1477 ordine
579 1432 745 1478 contentum
764 1416 862 1489 fuisse,
881 1417 950 1479 clim

229 1497 295 1575 ejus
312 1496 484 1575 propinqui,
503 1492 577 1572 quiid
594 1494 622 1555 se
643 1495 678 1555 ad
698 1497 801 1576 Rernp.
816 1495 959 1558 adminis·

188 1601 192 1611 ·
234 1577 387 1645 trandum,
411 1581 438 1634 &
453 1575 488 1633 ad
503 1571 679 1653 magistratus
691 1578 828 1658 gerendos
844 1596 947 1638 contu-

234 1657 345 1722 lerant,
360 1655 509 1714 Senatores
526 1654 591 1714 faui
610 1652 706 1714 essent.
727 1655 797 1731 Quo
811 1657 902 1733 posto
918 1662 950 1717 8(

204 1743 208 1748 “
235 1732 385 1803 concello,
400 1732 499 1793 licebit
506 1754 573 1793 eum
585 1735 687 1794 referre
701 1735 730 1794 in
748 1736 887 1796 familiam
900 1752 962 1797 aut'

234 1811 450 1890 vespillonum,
466 1828 515 1872 aut
526 1811 708 1882 Ofellamm,
721 1832 753 1875 ut
765 1833 864 1892 praeter
878 1836 949 1891 pre-

234 1893 344 1954 {tomen
362 1892 441 1961 Titi,
457 1897 484 1950 &
504 1912 611 1952 nomen
630 1889 776 1961 Lucretii,
794 1899 821 1952 &
837 1915 873 1955 co
894 1913 959 1952 nor

235 1971 398 2040 menesii,
410 1972 457 2033 vel
467 1969 504 2030 fic
517 1969 871 2049 appellenirT.luctetius
908 1970 963 2048 esse

233 2050 310 2131 pillo
322 2049 411 2110 Carus
417 2072 432 2109 s·
439 2049 487 2110 vel
496 2049 551 2118 fic,
567 2050 606 2112 T.
616 2047 763 2109 lucretius
776 2050 873 2110 Ofella
891 2050 962 2125 Ca(

233 2152 293 2193 rus.
309 2130 357 2190 De
375 2129 482 2190 duobus
500 2128 701 2210 cognomentis
717 2145 812 2188 autem
830 2125 962 2192 dubitari·

232 2231 296 2272 non
306 2210 398 2272 debet.
411 2208 532 2269 Nullum
544 2209 621 2270 enim
637 2207 782 2268 dubitandi
790 2207 889 2268 locum
903 2229 963 2268 rev

233 2289 368 2368 linquunt
378 2289 410 2349 P.
424 2287 576 2348 Cornelius
585 2287 722 2347 Lentulus
730 2286 816 2356 Sura,
829 2287 863 2349 P.
872 2287 963 2348 Cor·-

232 2369 330 2430 nelius
345 2366 485 2428 Lentulus·
503 2364 659 2441 Spinther,
675 2365 718 2440 Q.
733 2363 834 2439 Fabius
853 2366 963 2425 Maxi·

233 2469 299 2510 mus
310 2443 503 2510 Verrucosus,
530 2442 565 2504 1„
587 2442 740 2503 Cornelius
755 2442 834 2520 Sylla
846 2442 947 2512 Felix,

232 2526 270 2590 L.
288 2526 459 2604 Calpurnius
469 2519 532 2581 Piso
546 2520 633 2604 Frugi
646 2541 656 2594 ;
673 2527 700 2580 a
714 2519 763 2581 alii
776 2560 786 2592 ,
799 2542 870 2600 quos
883 2523 965 2583 lon-r

232 2605 345 2689 guinilis
353 2623 540 2666 enumerare.-

280 2763 352 2824 Hac
362 2759 424 2824 sunt
436 2781 496 2838 quae
506 2760 540 2821 de
549 2759 589 2823 T.
606 2758 731 2823 Lucretii
746 2779 850 2843 genere
862 2781 944 2822 corn·
1063 2754 1067 2762 ’

230 2861 312 2925 perta
324 2841 396 2903 sunt.
413 2839 547 2901 Eusebius
563 2857 658 2900 autem
676 2838 817 2919 Pamphili
829 2839 863 2902 F.
879 2860 958 2902 euna

227 2939 330 2989 natum
350 2919 407 2985 elle
423 2919 543 2984 tradidit:
560 2919 737 3000 Olympiade
755 2915 960 2986 cux1shoo-

894 3324 1138 3734 ,s
