2725 4217
444 567 607 643 amun
635 565 899 671 Quirinus,
996 570 1056 659 ιη’

337 677 408 742 Quid
416 670 501 744 potuit
509 676 629 731 novitatis
636 692 746 726 amorem
755 680 889 730 accendere
896 679 958 730 tali!

334 749 393 805 An,
405 748 495 805 credo,
506 747 531 796 in
539 744 647 797 tenebris
654 744 708 795 vita
716 762 744 795 ac
753 761 857 796 moerore
865 747 978 810 jacebat,

334 816 423 880 Doneq
432 814 522 865 diluxit
530 831 611 880 rerum
620 810 737 878 genitalis
746 811 820 876 origo
831 815 839 860 ἒ

335 882 436 944 Quidve
444 881 501 932 mali
510 879 669 932 fueratnobis
677 877 782 929 nonesse
792 878 892 930 creatis!

333 951 413 999 Natus
423 949 488 999 enim
498 950 571 999 debet
579 946 716 1013 quicunque
724 947 771 1004 est,
780 947 847 998 velle
856 960 954 998 manere

332 1015 429 1073 inviti,
446 1019 526 1066 donec
535 1015 653 1066 retinebit
660 1015 749 1064 blanda
758 1013 884 1079 voluptas.
1022 1075 1025 1081 ,

333 1081 383 1144 Qui
393 1099 513 1149 nunquam
521 1085 582 1134 vero
592 1083 648 1133 vitae
656 1081 764 1148 gustavit
773 1098 880 1134 amorem
892 1118 900 1141 ,
941 1096 944 1100 ·

332 1152 386 1202 Nec
396 1151 444 1211 fuit
453 1152 600 1210 innumero,
615 1150 674 1216 quid
686 1148 752 1200 obest
760 1164 811 1198 non
819 1150 867 1201 effe
877 1154 1001 1201 creatum?
1088 1144 1093 1154 ’

364 1278 593 1344 Exemplumporrd
604 1279 737 1358 gignundis
746 1282 830 1337 rebus,
841 1277 924 1342 &ipsa
1004 1300 1006 1305 ·

328 1344 445 1397 Norities
454 1347 596 1405 hominum,
605 1348 678 1399 Divis
689 1349 753 1399 unde
761 1348 830 1401 infita
840 1345 961 1411 primum,

332 1411 400 1476 Quid
410 1414 505 1465 vellent
513 1418 593 1466 facere
601 1431 628 1466 ut
636 1415 742 1475 scirent,
755 1416 885 1479 animoque
898 1413 1029 1464 viderent?

330 1481 423 1541 Quove
434 1484 512 1545 modo
521 1484 664 1548 estunquam
672 1482 710 1533 vis
719 1483 820 1550 cognita
830 1481 1027 1547 principiorum,

330 1546 454 1610 Quidnam
463 1548 528 1600 iuter
537 1553 584 1601 sese
594 1566 734 1615 permutato
744 1551 831 1602 ordine
839 1549 935 1615 poli'ent
945 1587 953 1609 ,
1018 1601 1020 1605 ,

328 1613 470 1679 Sinonipr'a
479 1617 549 1667 dedit
558 1617 902 1683 specimenNaturacreundil

329 1682 392 1731 Nam
412 1699 441 1733 ue
450 1682 485 1734 ita
494 1686 661 1736 multamodis
670 1683 898 1751 multisprimordia
906 1701 987 1736 rerum

328 1748 398 1799 Exin
433 1749 850 1822 itoiamtemporepercitaplagis,

329 1815 526 1885 Ponderibusque
535 1819 585 1881 suis?
592 1822 739 1873 consultum
749 1821 847 1873 concita
857 1819 916 1870 ferri
926 1854 934 1877 ,

329 1883 532 1963 omnimodisque
540 1888 622 1948 coire,
634 1905 706 1954 atque
715 1889 798 1942 omnia
806 1903 958 1952 pertentare,

328 1953 482 2015 Quacunque
490 1969 555 2002 mter
563 1956 587 2003 se
596 1956 687 2018 poffmt
695 1954 819 2018 congressa
827 1969 924 2008 creare,

326 2023 357 2070 Ut
364 2034 417 2068 non
425 2020 454 2066 sit
462 2018 549 2068 mirum
558 2053 566 2074 ‚
580 2022 597 2069 sn
606 2020 632 2068 in
639 2021 702 2069 tules
711 2019 865 2084 disposituras

324 2083 483 2135 Deciderunt
491 2101 603 2148 quoque,
614 2089 637 2134 ἃ
649 2085 675 2133 in
683 2085 745 2133 tales
756 2083 846 2134 vendre
856 2096 963 2136 merrus,

324 2150 448 2215 Qualibus
457 2152 507 2201 haec
516 2167 597 2200 rerum
606 2146 1015 2217 geniturnuncSummanovando.

358 2281 435 2345 Qudd
446 2281 463 2331 fi
470 2280 519 2342 jam
528 2294 608 2330 rerum
616 2274 731 2343 ignorem
739 2276 878 2344 primordia
887 2290 937 2344 quae
944 2275 1006 2332 lint,

324 2351 383 2402 Hoc
392 2365 476 2399 tamen
486 2365 514 2398 ex
524 2346 579 2411 ipris
589 2344 654 2399 Coeli
663 2344 800 2398 rationibus
808 2347 880 2398 ausim

324 2417 476 2470 Confirmare
485 2452 493 2475 ,
502 2414 604 2480 aliisque
614 2430 644 2465 ex
652 2415 723 2464 rebus
733 2416 834 2467 reddere
844 2411 928 2464 multis
938 2447 947 2470 ‚

322 2487 483 2551 Nequaquam
492 2481 564 2534 nobis
573 2479 693 2532 divinitus
701 2481 747 2532 esse
756 2500 863 2547 parmam

322 2554 443 2605 Naturam
454 2567 549 2611 rerum3
559 2549 679 2601 tantistat
686 2549 789 2614 predita
797 2550 878 2615 culpi.

355 2656 498 2720 Principii),
507 2659 624 2723 qnantum
633 2657 696 2711 Coeli
705 2659 769 2726 tegit
777 2659 882 2723 impetui
893 2655 993 2720 ingena,

321 2724 489 2776 ludervillam
500 2742 594 2789 partem
602 2743 713 2783 montes,
723 2729 841 2794 sylvaeque
851 2729 954 2776 ferarum

321 2791 468 2851 Polledire,
479 2808 563 2845 tenent
573 2811 657 2860 rupea,
668 2794 784 2860 vastaque
791 2795 907 2860 paludes,

321 2862 440 2920 liemare,
452 2862 519 2925 quod
527 2862 577 2912 late
585 2878 704 2914 terrarum
712 2861 811 2913 distinet
820 2878 885 2913 oras.

320 2928 382 2979 inde
393 2930 453 2980 duae
462 2930 538 2992 porri)
547 2946 625 2994 prope
633 2946 715 2995 partes
722 2929 832 2982 fervidus
841 2929 927 2990 ardor,
951 2931 955 2937 ’
1013 2953 1020 2969 ·

319 2990 481 3066 Affidu'usque
489 2995 541 3065 geli
551 2999 619 3052 casui
626 2997 772 3053 mortalibus
784 3001 903 3119 aufero?

911 3081 930 3123 4

883 3418 1190 3748 ,Γ
