2725 4217
445 572 608 647 rrrrn
636 569 900 675 Qurnrun
997 575 1057 661 ης·

339 682 409 747 Quid
417 676 501 749 potuit
510 681 630 735 novitatis
637 697 747 731 amorem
756 682 890 734 accendere
898 681 959 733 ulie

336 755 395 811 An,
406 754 496 809 credo,
507 752 532 801 in
540 748 648 802 tenebris
655 748 709 799 vita
718 766 744 798 nt
754 765 859 799 moerore
866 751 979 813 jacebat,

335 822 424 885 Doneq
433 819 523 870 diluxit
532 836 613 869 rerum
622 815 738 883 genitalis
747 815 821 881 origo
832 819 840 864 ἓ

337 888 438 949 Quidve
446 887 502 937 mali
511 890 590 937 fuerat
597 884 670 935 nobis
679 900 730 934 non
737 881 783 933 esse
793 883 894 933 creatis!

334 957 415 1004 Natus
426 954 490 1004 enim
500 955 573 1005 debet
581 953 718 1018 quicunque
725 951 772 1009 est,
781 951 849 1002 velle
858 966 956 1002 manere

334 1025 364 1073 In
372 1021 431 1079 vird,
449 1024 528 1072 donec
537 1021 655 1071 retinebit
662 1019 751 1069 blanda
760 1018 885 1083 voluptas.

336 1088 386 1149 Qui
396 1105 515 1154 nunquam
523 1091 584 1139 veri>
594 1088 650 1139 vitae
658 1086 765 1153 gustavit
775 1103 882 1137 amorem
893 1122 901 1145 ,

334 1158 389 1207 Nec
398 1156 447 1215 fuit
455 1157 481 1206 in
489 1172 602 1214 numero,
617 1153 677 1220 quid
688 1153 754 1205 obest
762 1168 812 1202 non
821 1154 868 1205 effe
878 1158 1002 1205 creatum?

368 1284 511 1349 Exemplum
519 1286 596 1348 porro
606 1283 739 1350 gignundis
748 1285 832 1340 rebus,
843 1280 926 1345 &ipsa

330 1349 448 1402 Notities
457 1351 598 1409 hominum,
608 1351 681 1403 Divis
691 1352 755 1402 unde
764 1352 832 1403 infita
843 1348 962 1414 primum,

334 1416 403 1481 Quid
413 1419 507 1470 velient
516 1423 595 1470 facere
603 1435 631 1470 ut
639 1419 745 1479 scirent,
757 1419 887 1482 animoque
900 1417 1031 1466 viderent?

333 1486 426 1546 Quove
437 1488 515 1550 modo
524 1488 557 1537 est
564 1504 667 1552 unquam
675 1486 713 1547 vis
722 1486 823 1552 cognita
832 1483 1029 1550 principiorum,

333 1551 457 1615 Quidnam
466 1552 531 1605 inter
539 1557 587 1604 sese
597 1570 737 1619 pennu-tuto
747 1555 834 1606 ordine
842 1551 956 1618 possent,
1020 1604 1023 1610 ,

330 1619 355 1669 si
363 1618 472 1684 non-ipsa
482 1622 552 1673 dedit
561 1622 682 1687 specimen
689 1625 782 1674 Natura
791 1620 905 1674 creandi?

332 1687 444 1753 Namque
453 1688 488 1739 ita
497 1691 575 1740 multa
582 1690 664 1741 modis
673 1689 758 1741 multis
765 1687 901 1756 primordia
909 1704 991 1739 rerum

331 1752 853 1826 Exinfinitojamtemporepercitaplagit,

332 1821 528 1891 Ponderibusque
537 1825 588 1887 suis,
595 1827 742 1879 consuerunt
752 1825 849 1877 concita
860 1823 919 1875 ferri
929 1858 937 1880 ‚

333 1889 534 1970 omnimodisque
543 1894 625 1954 coire,
636 1911 708 1959 atque
718 1894 800 1948 omnia
808 1906 962 1959 pertentare,

331 1958 485 2021 Quacumque
493 1976 558 2009 inter
566 1962 589 2009 se
599 1961 689 2024 possint
698 1960 821 2024 congressa
829 1975 926 2014 creare,

328 2030 361 2075 Ut
368 2039 420 2073 non
427 2025 457 2072 srt
464 2024 568 2080 mirum,
582 2029 599 2075 si
609 2026 634 2074 in
642 2028 704 2074 tules
713 2026 867 2091 disposituras

327 2088 485 2140 Deciderunt
494 2108 605 2154 quoque,
616 2095 639 2140 dc
651 2090 677 2139 in
684 2092 747 2140 talea
758 2090 965 2141 memmerunt,

329 2155 451 2220 Qualibus
459 2156 509 2206 haec
519 2172 599 2206 rerum
608 2155 707 2222 genitur
715 2172 778 2206 nunc
786 2161 882 2219 Summa
889 2151 1017 2203 novando.

363 2286 439 2350 Quod
449 2287 521 2349 fijam
531 2300 611 2335 rerum
619 2279 733 2347 ignorem
741 2282 880 2350 primordia
889 2297 940 2349 quae
947 2280 1009 2337 fint,

328 2356 387 2407 Hoc
396 2370 479 2405 tamen
489 2370 517 2404 ex
527 2352 581 2416 ipris
591 2349 656 2404 eccli
666 2351 802 2404 rationibus
811 2352 883 2403 ausim

327 2423 479 2475 Confirmant
488 2458 495 2482 ,
505 2420 607 2485 aliisque
616 2436 646 2469 ex
655 2420 726 2470 rebus
736 2422 837 2472 reddere
847 2416 931 2470 multis
941 2451 950 2475 ,

326 2493 486 2557 Nequaquam
495 2487 567 2540 nobis
575 2484 695 2538 divinitus
704 2486 751 2538 csse
759 2505 866 2552 paratam

298 2587 303 2601 ι
326 2561 447 2609 Naturam
456 2575 536 2608 return
545 2574 552 2617 3
562 2555 682 2606 tantistat
689 2555 791 2620 praedita
800 2555 881 2622 culpi.

360 2661 501 2726 Principio,
511 2665 627 2728 quantum
636 2664 699 2716 Coeli
708 2666 773 2732 tegit
781 2664 885 2728 impetur
896 2660 996 2725 iugem,

324 2730 387 2782 inde
396 2729 492 2779 avidam
503 2748 598 2793 partem
606 2748 716 2789 montes,
726 2735 845 2798 sylvaeque
854 2734 957 2780 ferarum

324 2795 471 2854 Ροίῖεάὲτε,
482 2812 567 2848 tenent
577 2814 661 2862 rupes,
671 2798 787 2865 vastaeque
794 2800 910 2864 paludes,

323 2868 357 2916 Et
364 2881 444 2923 mare,
456 2866 523 2929 quod
531 2865 581 2915 late
589 2880 708 2917 terrarum
716 2866 814 2917 distinet
824 2883 888 2917 oras.

322 2934 385 2986 lude
397 2934 456 3000 duaa
466 2933 542 2996 porro
550 2949 629 2997 prope
637 2949 718 2997 partes
726 2934 835 2987 fervidus
844 2933 929 2993 ardor,
954 2935 958 2939 ’
1015 2956 1022 2971 ·

321 3000 484 3071 Afiiduusque
492 2998 544 3070 geli
555 3002 623 3055 casur
630 3001 775 3058 mortalibus
787 3006 905 3123 aufero?
