2725 4217
444 556 622 632 LIBER
657 563 893 634 PRIMUS.
1013 576 1035 643 ρ’

358 749 474 819 Denique
482 769 521 805 ree
529 768 613 806 omnes
624 749 710 805 eadem
719 750 760 805 via
768 755 882 818 causaque
889 753 970 821 uolgo

323 820 467 872 Confioeret
475 856 482 879 ,
491 822 536 874 niu
543 821 657 873 materies
665 837 753 872 aeterua
764 834 861 871 teneret

323 892 396 940 Inter
404 891 427 938 se
437 905 508 939 nexae
520 888 599 940 minius
608 904 650 939 aut
659 889 738 955 magia
753 885 914 951 endopedite.

326 959 413 1006 Taiiua
422 954 486 1006 euim
495 957 556 1008 lethi
565 955 622 1007 satie
630 955 689 1007 esset
698 958 766 1006 causa
776 955 886 1020 profesto
897 973 903 1004 :

328 1021 444 1086 Quippe,
455 1022 497 1073 ubi
506 1025 573 1074 uuila
580 1026 665 1073 forent
675 1038 767 1073 eterno
777 1037 902 1085 corpore,
918 1032 1006 1073 eorum

328 1093 479 1142 Contextum
492 1090 530 1142 via
540 1091 641 1140 deberet
650 1089 782 1140 diffolvere
792 1105 899 1167 quaque.

326 1156 367 1206 At
375 1171 440 1206 nune
449 1195 457 1215 ‚
466 1156 530 1208 inter
544 1161 567 1207 se
576 1155 630 1221 quia
642 1173 716 1206 nexua
726 1154 906 1220 princrpiorum

327 1221 466 1272 Dissimilee
476 1222 744 1288 constant,eternaque
753 1220 867 1273 materies
876 1221 925 1279 est,
1028 1223 1032 1231 '

324 1289 452 1340 Incolumi
463 1304 588 1340 remanent
602 1306 640 1339 ree
653 1306 776 1352 corpore,
793 1290 850 1340 dum
860 1289 916 1339 satie
925 1285 991 1339 aerio

326 1354 374 1405 Vis
382 1356 457 1409 obeat
467 1374 512 1421 pro
521 1355 617 1407 texturi
630 1358 855 1420 cujusquerepem.

327 1424 401 1474 Haud
415 1422 494 1489 igitur
503 1422 569 1474 redit
577 1425 608 1474 ad
615 1422 729 1473 Nihilum
743 1439 781 1473 res
791 1424 856 1483 ulla,
867 1422 908 1473 sed
918 1437 1008 1475 orum

327 1489 442 1543 Discidio
453 1491 557 1542 redeunt
565 1490 593 1541 in
601 1507 708 1556 corpora
716 1489 840 1543 materiai,

361 1623 489 1679 Postremo
498 1641 601 1691 pereunt
609 1625 716 1684 imbres,
728 1625 767 1676 ubi
775 1643 817 1677 eos
825 1624 989 1690 paterAEther

326 1695 356 1746 In
369 1693 489 1758 gremium
500 1695 586 1744 matria
595 1694 685 1744 Terra'r'
692 1692 867 1758 precipitavit.

328 1760 367 1811 At
376 1759 459 1811 nitide
468 1763 570 1827 surgunt
577 1765 673 1827 fruges,
685 1760 793 1826 ramique
801 1760 925 1811 virescunt

326 1827 484 1888 Arboribus3
493 1831 602 1878 crescunt
611 1828 681 1892 ipso,
689 1831 795 1893 foetuque
804 1841 946 1893 gravantur.

327 1893 396 1945 Hinc
407 1893 481 1946 alitur
489 1898 566 1960 porro
574 1895 683 1947 nostrum
695 1911 785 1961 genus,
800 1910 871 1959 atque
880 1895 995 1944 ferarume
1024 1946 1027 1951 ,

326 1960 395 2013 Hinc
405 1963 471 2012 laetae
481 1963 552 2012 urbea
560 1960 642 2026 puerir
650 1962 741 2012 florere
750 1961 876 2019 videmus,

301 2044 303 2049 ·
325 2028 530 2094 Frondiferasque
538 2028 611 2079 novis
620 2027 705 2079 avibus
714 2045 799 2079 cauere
808 2026 913 2093 undique
922 2028 1005 2085 silvae.

327 2094 395 2147 Hinc
404 2094 468 2146 feffae
477 2097 581 2160 pecudes
590 2093 694 2160 pingues
704 2112 748 2160 per
756 2096 843 2160 pabula
852 2096 908 2145 leta

326 2165 443 2228 Corpora
452 2163 593 2228 deponunt,
607 2167 630 2213 or
639 2163 743 2213 candem
754 2164 843 2214 ladem
852 2162 941 2215 humor

325 2225 448 2282 Uberibus
456 2246 537 2281 manat
546 2228 655 2281 distentis
664 2248 671 2280 e
683 2230 741 2280 hinc
756 2247 821 2280 nova
830 2231 915 2294 prolee

326 2297 439 2350 Artubua
452 2296 553 2349 infirmis
565 2313 662 2348 tenerae
670 2297 761 2348 lasciva
769 2314 814 2363 per
822 2298 908 2347 herbae

328 2364 420 2422 Ludit,
433 2367 494 2416 lacit
506 2381 575 2415 mero
587 2377 683 2414 mentes
693 2364 801 2428 percursa
809 2364 932 2415 novellas.

328 2433 402 2485 Haud
410 2432 489 2497 igitur
497 2430 594 2495 penitius
602 2445 706 2494 pereunt
713 2447 866 2496 quecumque
874 2431 1004 2485 videnture

330 2501 436 2563 Quando
448 2499 498 2549 alid
506 2515 536 2549 ex
547 2497 598 2549 alio
607 2495 805 2557 reficitNatura,
820 2514 864 2547 nec
873 2497 950 2547 ullam

329 2569 393 2621 Rem
402 2566 472 2635 gigni
481 2566 591 2632 patitur,
600 2563 645 2616 nifi
653 2579 734 2616 morte
745 2566 851 2630 adjutam
860 2563 949 2618 alienu.

362 2703 435 2754 Nunc
446 2718 506 2769 ege,
518 2717 556 2751 rea
564 2700 678 2767 quoniam
689 2697 763 2749 docui
771 2713 821 2748 nou
830 2697 898 2762 poffe
907 2698 984 2749 creari

332 2766 369 2819 De
378 2769 483 2828 Nihilo,
496 2784 576 2833 neque
585 2767 644 2817 item
654 2764 748 2832 genitas
758 2766 788 2815 ad
797 2764 843 2814 Nil
853 2766 980 2826 revocari,

329 2835 366 2885 Ne
375 2837 421 2900 qui
429 2835 497 2888 forte
507 2850 590 2885 tamen
598 2849 689 2898 coeptes
702 2831 814 2883 diffidere
824 2830 908 2891 diuis,

330 2902 400 2963 Quod
409 2917 534 2969 nequeunt
544 2899 624 2952 oeulis
637 2917 718 2951 rerum
727 2898 861 2964 primordia
874 2898 958 2958 cerni;

328 2966 418 3038 Accipe
426 2985 561 3039 preterea,
576 2984 627 3038 que
635 2984 741 3037 corpora
751 2982 804 3020 tute
812 2965 905 3021 neceffe
913 2966 948 3021 est
