2725 4217
410 595 876 682 mann-Quirinus,
959 632 1012 682 ,μ

335 758 564 830 Arninpurgamm
574 763 712 830 estpedur,
728 781 777 831 quae
788 764 973 830 prulianobia,
1023 799 1026 807 ·

304 829 387 896 Atque
396 833 505 896 pericula
513 848 571 883 tunc
581 831 686 900 ingratis
694 833 876 885 infinuandum?

305 901 407 960 Quantae
415 899 576 952 conscindunt
585 901 710 958 hominem
720 901 864 967 cuppedinis
875 919 944 957 acres

305 967 446 1019 Sollicitum
457 974 532 1019 curae?
543 969 675 1035 quantique
683 968 786 1035 perinde
796 969 917 1022 timores?

306 1035 539 1101 Quidvesuperbia,
549 1036 691 1102 spurcities,
701 1037 852 1102 petulantia,
868 1055 970 1106 quantae

304 1102 423 1156 Efficiunt
431 1105 529 1157 cladesr
538 1105 596 1172 quid
602 1106 688 1165 luxus,
697 1105 860 1172 defidiesquei

339 1239 399 1288 Haec
410 1236 488 1303 igitur
496 1236 538 1302 qui
546 1241 630 1296 cunita
637 1236 774 1306 subegerit,
785 1253 814 1287 ex
824 1237 953 1309 animoque

305 1303 436 1371 Expulerit
444 1303 528 1365 diuis,
540 1321 591 1355 non
599 1307 686 1367 armis,
698 1321 779 1357 nonne
788 1305 886 1358 decebit

306 1373 382 1423 Hunc
391 1368 626 1424 hominem‘n'umero'
635 1374 729 1426 Divlun
738 1370 862 1440 dignarier
869 1375 928 1428 effer

309 1440 371 1491 Cium
380 1441 441 1491 bene
449 1439 580 1504 prasertim
590 1442 682 1504 multa,
693 1461 721 1492 ac
731 1440 849 1499 divinitus
857 1439 913 1510 ipfis

308 1507 488 1569 lmmortalibu’
496 1508 526 1559 de
534 1507 610 1561 Divis
617 1510 675 1562 dare
685 1510 746 1561 diua
754 1509 843 1568 suine,

308 1575 392 1644 Atque
402 1592 500 1636 omnem
507 1592 589 1630 rerum
595 1580 715 1631 Naturam
721 1579 827 1645 pandere
835 1576 913 1636 diuus.

343 1709 440 1771 Quoius
448 1726 496 1778 ego
506 1711 623 1780 ingrersus
634 1711 752 1779 vestigia,
764 1726 826 1763 nunc
838 1711 946 1768 rationes
1027 1709 1034 1729 ⁴·

310 1774 458 1842 Persequor,
468 1797 497 1830 ac
504 1782 584 1833 doceo
593 1781 663 1832 dietis
672 1818 678 1839 ,
688 1798 735 1845 quo
746 1797 842 1846 quaeque
852 1798 934 1833 creata
1031 1792 1034 1798 '

310 1845 908 1915 Foederesmt,ineoquamsrtdurarenecessirm3
1007 1878 1008 1881 κ
1032 1857 1036 1867 “

310 1912 363 1962 Nec
374 1912 467 1963 validas
476 1914 628 1965 revivaleant
634 1915 770 1965 rescindere
777 1914 857 1978 leges.

311 1980 371 2043 Quo
380 1996 470 2046 genere
478 1980 599 2042 imprimis
605 1982 693 2033 Animi
704 1994 790 2028 natura
799 1993 896 2042 reperta
903 1979 950 2039 est,

308 2048 407 2098 Nativo
415 2046 522 2109 primum
530 2046 656 2097 consrstere
665 2059 771 2108 corpore
780 2058 863 2101 creta,

310 2117 368 2166 Nec
377 2111 445 2179 polle
453 2112 583 2164 incolumis
592 2129 708 2179 magnum
717 2112 803 2160 durare
811 2124 950 2173 peraevum:
1038 2124 1049 2162 .·

308 2185 357 2234 Sed
365 2182 493 2232 fimulacra
499 2182 578 2232 solere
586 2180 613 2231 in
620 2179 711 2231 somnis
718 2177 804 2229 fallere
811 2190 917 2227 mentem
927 2214 935 2236 ‚

310 2254 423 2304 Cernere
430 2249 485 2301 cum
493 2248 621 2301 videamur
630 2265 704 2308 eum,
716 2262 786 2316 quem
798 2245 850 2297 vita
858 2243 968 2313 reliquit.

328 2439 332 2446 -
348 2403 427 2466 Quod
436 2403 553 2467 superest,
565 2419 628 2455 nunc
638 2418 678 2453 me
686 2402 733 2453 huc
744 2401 845 2453 rationis
855 2401 1027 2464 detulitordo.

310 2475 346 2524 Ut
354 2469 429 2529 mihi,
440 2471 540 2522 mortali
549 2471 675 2522 consistere
684 2486 789 2536 corpore
798 2471 931 2528 Mundum,

311 2539 486 2605 Nativumque
495 2541 580 2598 fimul,
590 2537 654 2589 ratio
664 2540 790 2590 reddunda
800 2541 845 2596 fit,
858 2537 922 2591 esse:

312 2611 348 2659 Re
357 2607 445 2672 quibus
453 2606 498 2656 ille
505 2608 585 2658 modis
593 2605 732 2673 congrellur
740 2605 853 2658 materiai
1041 2661 1043 2666 ,

314 2673 437 2730 Fundlrie
444 2679 544 2725 Terram
553 2711 561 2733 ‚
571 2675 667 2726 Coelum
678 2709 685 2732 ,
696 2677 764 2732 Mare
774 2710 781 2733 ,
790 2674 887 2733 Sidera,
898 2672 996 2736 Solem,

316 2741 447 2807 Lunaique
455 2743 571 2808 globum:
583 2758 634 2793 tum
643 2757 693 2807 quae
702 2743 792 2805 tellure
800 2742 932 2794 animantes

318 2807 480 2867 Institerint,
492 2814 515 2861 ἃ
523 2827 573 2876 que
580 2811 650 2860 nullo
662 2811 708 2870 fine
716 2808 827 2876 tempore
836 2823 907 2860 natur
979 2830 982 2835 ·

319 2879 415 2939 Quove
424 2877 500 2928 modo
510 2895 585 2944 genus
593 2877 723 2928 humanum
732 2877 842 2928 variante
852 2876 951 2944 loqueli

321 2943 435 3008 emperie
442 2943 507 2994 inter
516 2949 539 2995 se
547 2944 612 2996 vesci
620 2961 664 3009 per
675 2944 774 2995 nomina
782 2961 877 3007 rerum3

321 3009 694 3083 etquibumemouianivum
701 3010 904 3135 metusinfinuarli'

451 3129 457 3137 .
913 3098 928 3133 2
