2725 4217
443 581 501 633 190
642 554 1017 661 nrucnnnir·
1052 584 1055 588 -
1134 654 1145 677 ‚

476 727 532 776 Nec
542 741 623 776 tamen
633 723 696 776 illud
707 721 734 772 in
742 722 781 774 his
788 724 860 774 rebus
868 719 983 776 mirabile
994 725 1071 778 debet
1142 725 1145 729 ’

442 793 513 852 Effe,
523 795 589 859 quod
598 795 646 844 hee
655 789 720 857 ignis
728 806 779 842 tarn
789 807 858 841 certo
868 806 981 855 tempore
991 794 1083 859 poffint

443 860 540 912 Semina
551 861 689 917 confluere,
700 858 913 923 &Solitreparare
921 860 1044 913 nitorem:
1113 860 1116 865 ’

445 931 527 980 Multa
535 928 646 979 videmus
655 926 736 984 enim,
749 943 817 976 certo
825 926 875 990 qu'a
885 941 998 992 ternpore
1007 929 1069 981 fiunt
1130 934 1133 939 '

446 995 1039 1058 Omnibusinrebus.florescunttemporecerto

446 1063 566 1122 Arbusta,
576 1069 600 1115 ἃ
609 1078 677 1114 certo
686 1061 815 1113 dimittunt
821 1077 934 1125 tempore
942 1063 1043 1116 florem.

444 1133 502 1183 Nec
510 1130 588 1181 minus
596 1131 621 1181 in
630 1145 699 1180 certo
710 1129 794 1180 dentes
804 1130 889 1178 cadere
899 1129 1069 1195 imperatam

446 1197 746 1263 Tempore,&impubem
755 1196 1051 1261 mollipubescereveste‚

382 1300 384 1307 ,
446 1269 479 1317 Et
487 1264 577 1329 pariter
585 1268 687 1316 mollem
695 1265 765 1315 malis
774 1263 903 1316 demittere
911 1265 1023 1318 barbam.

446 1332 559 1384 Fulmina
566 1333 703 1398 postremo,
713 1331 771 1392 nix,
780 1333 869 1382 imbres
878 1367 885 1390 ,
895 1331 996 1392 nubila,
1008 1331 1090 1393 venti,

445 1401 506 1451 Non
515 1399 587 1451 nimis
596 1400 697 1452 incertis
708 1401 769 1450 fiunt
783 1399 808 1450 in
818 1400 927 1464 partibus
935 1401 1006 1453 annia

445 1469 558 1533 Namque
567 1469 607 1519 ubi
617 1470 649 1520 fic
658 1472 756 1518 fuerunt
767 1470 889 1517 causarum
900 1467 1001 1518 exordia
1011 1466 1111 1532 prima,-

446 1535 532 1601 Atque
540 1536 576 1586 uti
585 1554 623 1586 res
632 1536 719 1586 Mundi
729 1535 840 1586 cecidere
848 1537 878 1585 ab
887 1534 984 1602 origine
992 1534 1085 1600 prima,

446 1605 575 1669 consequa
582 1606 675 1655 Natura
684 1605 773 1668 estjam
783 1620 862 1654 rerunt
871 1619 900 1654 ex
915 1603 1003 1654 ordine
1011 1618 1092 1653 certo.

481 1756 595 1807 Crescere
604 1752 712 1819 itemque
721 1752 773 1804 dies
781 1753 857 1813 licet,
866 1752 1020 1804 &tabescere
1028 1755 1122 1825 nones,

446 1824 480 1874 Et
488 1822 564 1873 minui
573 1824 657 1878 luces,
669 1821 724 1870 cinn
735 1824 830 1872 sumant
839 1821 951 1888 augmina
961 1825 1043 1871 nodet
1051 1835 1064 1881 3·

448 1891 503 1941 Aut
510 1889 567 1955 quia
574 1889 617 1940 Sol
626 1888 691 1939 idem
702 1890 745 1939 sub
754 1905 846 1948 terras,
857 1905 928 1953 atque
936 1890 1050 1954 superne,

447 1957 584 2022 Imparibus
594 1973 692 2007 currens
702 1957 842 2008 austadibus
849 1955 960 2008 AEtheris
969 1972 1024 2006 orat

447 2024 543 2084 Partit,
553 2030 576 2077 dt
585 2024 609 2075 in
618 2041 699 2088 partes
707 2041 758 2074 non
766 2041 840 2090 equas
848 2022 940 2074 dividit
947 2025 1058 2075 Orbem:

446 2095 554 2160 thuod
564 2095 594 2143 ab
601 2091 716 2144 alterutra
723 2092 829 2144 detraxit
837 2107 921 2158 parte,
931 2092 1031 2158 reponit

448 2163 507 2221 Eius
516 2162 542 2211 in
550 2160 649 2212 adversi
658 2161 728 2211 tanti)
737 2161 792 2224 plus
799 2176 868 2224 parte
877 2159 980 2218 relatus,

449 2229 576 2280 Donicum
586 2229 617 2278 ad
625 2228 650 2278 id
658 2228 757 2294 signum
768 2228 830 2278 Coeli
839 2226 963 2292 pervenit,
975 2223 1016 2277 ubi
1024 2223 1084 2274 anni

448 2297 538 2347 Nodus
547 2300 672 2346 nodurnas
679 2311 785 2359 exaequat
790 2295 887 2346 lucibus
895 2297 1000 2346 umbrae.
1148 2348 1152 2358 Ι

447 2365 513 2414 Nam
523 2364 604 2415 medio
613 2366 682 2413 eursu
691 2363 763 2414 flatus
770 2363 919 2428 Aquilonia,
929 2367 953 2414 dr
963 2361 1064 2424 Austri,

448 2431 557 2482 Distinet
565 2446 658 2496 aequato
666 2430 761 2481 Coelum
773 2430 913 2481 discrimine
920 2448 1013 2490 metas,

450 2499 557 2564 Propter
563 2497 669 2564 figniferi
678 2499 810 2562 pofituram
820 2499 898 2549 totino
910 2497 991 2557 orbis,

449 2567 540 2618 Annua
550 2568 591 2616 Sol
599 2563 625 2614 in
634 2583 683 2630 quo
691 2565 820 2616 contundit
830 2583 942 2630 tempora
949 2569 1062 2630 serpens,

451 2635 563 2699 Obliquo
572 2639 672 2690 Terras,
685 2637 708 2683 dr
719 2635 811 2685 Coelum
820 2633 911 2684 lumine
920 2634 1037 2685 lustrante

450 2704 483 2749 Ut
493 2702 557 2752 ratio
567 2701 677 2751 declarat
685 2717 783 2760 eorum,
796 2701 836 2767 qui
846 2703 903 2752 loca
913 2701 977 2752 Caeli

450 2768 541 2818 Omnia
550 2768 671 2832 dispofitis
678 2767 758 2833 Signis
767 2784 851 2820 ornata
859 2769 987 2820 notdrunt.

449 2834 505 2884 Aut
513 2836 568 2899 quia
575 2837 674 2886 craffior
682 2835 715 2886 est
725 2835 797 2887 certia
806 2836 832 2886 in
840 2835 1023 2902 partibusAe‘n

451 2901 501 2948 Sub
509 2902 581 2951 terris
588 2903 645 2954 ideo
654 2905 785 2965 tremulum
792 2906 859 2965 iubar
867 2905 956 2955 hasitat
963 2901 1043 2970 ignia,

449 2966 506 3018 Nec
514 2984 641 3033 penetrare
649 2971 730 3036 potest
742 2971 816 3025 facile
830 2988 902 3041 atque
911 2985 1038 3040 emergere
1046 2969 1079 3021 ad
1088 2982 1166 3023 ortua
