2725 4217
436 580 477 636 14
582 558 978 640 ‚TaucuETrr

436 684 611 745 Quapropter,
622 680 732 745 quamvis
742 684 862 732 causando
872 683 949 733 multa
958 680 1063 734 moreris
1070 693 1083 746 ,¹
1143 707 1147 715 ·

435 748 489 800 Ess'e
498 748 524 797 iu
532 749 602 798 rebus
612 753 685 798 Inane
695 763 776 798 tamen
785 752 875 799 fateare
885 748 979 800 neeesse
988 747 1032 800 est.

469 883 595 947 Multaque
603 897 718 946 praterea
729 881 774 933 ribi
784 881 877 947 possum
894 884 1114 946 commemorando

435 951 591 1016 'Argumenta
601 985 608 1008 ,
617 949 691 1000 fidem
701 949 770 999 diois
780 952 912 1000 conradere
920 950 1018 1002 nostris.

438 1015 530 1068 Verium
540 1016 621 1066 animo
631 1016 688 1066 satis
696 1018 746 1066 haec
755 1016 856 1083 vestigia
867 1035 942 1081 parva
950 1016 1031 1084 sagaci

437 1091 512 1144 Sunt,
523 1103 567 1150 per
577 1101 626 1149 quae
636 1084 709 1149 poffis
718 1088 868 1150 cognoscere
882 1100 966 1136 cetera
974 1098 1041 1139 tute.

437 1156 549 1218 Namque
559 1168 628 1202 canes
638 1167 665 1202 ut
673 1150 820 1217 montivago
834 1155 937 1216 persepe
946 1152 1010 1203 ferai

437 1221 544 1272 Naribus
553 1218 683 1270 inveniunt
691 1218 789 1268 inteffls
798 1220 886 1269 fronde
896 1218 1006 1284 quietes,

438 1288 501 1340 cum
510 1288 584 1338 semel
593 1286 732 1336 institerunt
740 1285 841 1351 vestigia
851 1302 918 1336 certa
929 1285 997 1338 viai:

436 1355 476 1406 sic
487 1355 537 1411 alid
545 1371 573 1404 ex
582 1353 631 1402 alio
642 1371 685 1417 per
694 1369 719 1403 te
727 1367 780 1404 tute
791 1351 840 1417 ipse
852 1353 936 1403 videre

437 1422 539 1472 Talibus
547 1421 572 1470 in
585 1421 656 1470 rebus
664 1419 774 1484 poteris,
790 1424 908 1485 caecasque
918 1420 1025 1472 latebrae

436 1492 557 1543 insinuare
565 1503 663 1546 omnes,
675 1491 698 1538 ἃ
707 1504 790 1538 verum
799 1488 943 1552 protrahere
953 1487 1024 1541 inde.

452 1665 459 1687 ς
473 1622 574 1684 Quodfi
581 1620 699 1687 pigritia,
708 1620 838 1685 paulumve
847 1621 983 1672 absterserit
996 1624 1025 1673 ab
1036 1639 1080 1683 re,

438 1693 497 1755 Hoc
506 1689 553 1740 tibi
564 1690 594 1738 de
607 1689 681 1753 piano
692 1687 785 1753 possum
796 1689 956 1754 promittere,
966 1691 1086 1744 Memmi:

438 1762 517 1824 Usque
526 1757 587 1807 adeo
596 1756 678 1822 largos
689 1756 799 1815 haustus,
809 1755 940 1808 efoutibur
951 1774 1050 1818 amnes,

438 1826 533 1891 Lingua
541 1840 597 1874 meo
605 1823 684 1874 suavis
694 1822 740 1874 diti
750 1825 780 1874 de
789 1829 885 1888 pettore
893 1826 993 1884 firndet,
1086 1835 1089 1841 '

438 1900 473 1945 Ut
484 1909 584 1950 verear,
594 1907 625 1941 ne
634 1893 702 1941 tarda
711 1890 778 1956 prius
785 1908 829 1956 per
838 1893 945 1943 membra
952 1895 1060 1946 seneeau

439 1967 540 2024 Serpat,
555 1963 579 2009 &
588 1958 613 2008 in
622 1958 694 2009 nobis
703 1957 1010 2019 vita'iclaustraresolvat,

441 2032 522 2092 Quam
530 2025 577 2077 tibi
587 2027 618 2076 de
627 2025 711 2092 quivis
722 2024 768 2077 uni
776 2042 802 2076 re
811 2028 916 2078 verfibus
926 2026 1007 2080 omnia

439 2099 651 2163 Argumentorum
659 2093 769 2157 fitcopia
777 2093 844 2143 missa
854 2111 899 2158 per
910 2110 987 2145 aures.

438 2167 486 2218 Sed
499 2179 562 2214 nunc
572 2164 620 2226 jam
629 2176 737 2227 repetam
750 2176 856 2226 ceptum
868 2176 995 2228 pertexere
1008 2161 1092 2219 diuise

475 2295 577 2353 Omnis,
587 2311 615 2346 ut
623 2295 656 2347 est
664 2332 671 2353 ‚
679 2293 757 2362 igitur
770 2312 814 2361 per
822 2297 945 2347 seNatura
954 2293 1048 2348 duabus

438 2363 556 2418 Confistit
564 2363 635 2414 rebus
644 2381 650 2414 :
660 2379 715 2413 nam
723 2366 836 2428 Corpora
845 2367 914 2423 sunt,
927 2367 951 2414 &
959 2367 1049 2421 Inane,

438 2434 498 2487 Haec
506 2431 533 2495 in
542 2448 590 2497 quo
600 2433 643 2482 fita
650 2434 718 2489 suut,
732 2435 755 2482 ἀ
762 2433 808 2496 qua
816 2431 910 2483 diversa
920 2445 1065 2482 moventur·

438 2505 537 2566 Corpus
549 2498 613 2549 enirn
623 2502 699 2563 perse
713 2498 849 2550 communis
862 2498 960 2549 dedicat
969 2496 1016 2548 effe

437 2572 536 2619 Sensus:
547 2585 596 2632 quo
609 2567 652 2617 nifi
664 2565 742 2630 prima
751 2566 811 2617 fides
818 2568 917 2617 fundata
927 2564 1042 2625 valebit,

439 2636 513 2686 Haud
523 2634 571 2685 erit
579 2633 686 2685 occultis
699 2634 729 2683 de
738 2634 808 2684 rebus
817 2651 866 2699 quo
874 2637 1005 2684 referentes

440 2701 591 2759 confirmare
598 2699 673 2752 animi
681 2699 812 2768 quidquam
820 2699 916 2752 ratione
925 2714 1050 2766 queamus.

439 2768 587 2830 Tumporrb
592 2771 689 2829 Locus,
699 2787 726 2818 ac
734 2767 842 2832 Spatium
849 2770 916 2834 quod
924 2773 997 2818 Inane
1004 2773 1141 2825 vocamuoj

439 2834 465 2884 si
475 2835 568 2885 nullum
578 2840 660 2895 foret,
671 2836 736 2886 haud
745 2838 841 2901 usquam
851 2839 894 2887 srta
902 2852 1008 2901 corpora
1018 2831 1116 2898 poffent

438 2900 509 2960 Erre,
519 2916 596 2967 neque
604 2903 706 2955 omnino
713 2905 832 2968 quiquam
841 2903 937 2955 diversa
945 2917 1024 2953 meare
1032 2917 1040 2951 a

439 2969 990 3038 ldquodjamsuperitibipauloostendimus
999 2966 1069 3022 anti·
1147 3016 1150 3023 .
