<?xml version="1.0" encoding="UTF-8"?>
<!DOCTYPE html PUBLIC "-//W3C//DTD XHTML 1.0 Transitional//EN"
    "http://www.w3.org/TR/xhtml1/DTD/xhtml1-transitional.dtd">
<html xmlns="http://www.w3.org/1999/xhtml" xml:lang="en" lang="en">
 <head>
  <title>
</title>
<meta http-equiv="Content-Type" content="text/html;charset=utf-8" />
  <meta name='ocr-system' content='tesseract 3.04.00' />
  <meta name='ocr-capabilities' content='ocr_page ocr_carea ocr_par ocr_line ocrx_word'/>
</head>
<body>
  <div class='ocr_page' id='page_1' title='image "./titilucretiicar00miergoog_0044.png"; bbox 0 0 2725 4217; ppageno 0'>
   <div class='ocr_carea' id='block_1_1' title="bbox 435 576 1067 661">
    <p class='ocr_par' dir='ltr' id='par_1_1' title="bbox 435 576 1067 661">
     <span class='ocr_line' id='line_1_1' title="bbox 435 576 1067 661; baseline 0.002 0"><span class='ocrx_word' id='word_1_1' title='bbox 435 584 540 661; x_wconf 75' lang='lat' dir='ltr'>xxxiv</span> <span class='ocrx_word' id='word_1_2' title='bbox 600 576 1067 661; x_wconf 70' lang='lat' dir='ltr'><em>ARGUMENTUM</em></span> 
     </span>
    </p>
   </div>
   <div class='ocr_carea' id='block_1_2' title="bbox 434 688 1188 1000">
    <p class='ocr_par' dir='ltr' id='par_1_2' title="bbox 434 688 1188 1000">
     <span class='ocr_line' id='line_1_2' title="bbox 434 688 1188 805; baseline 0.009 -30"><span class='ocrx_word' id='word_1_3' title='bbox 434 707 604 803; x_wconf 89' lang='lat' dir='ltr'>praecipua</span> <span class='ocrx_word' id='word_1_4' title='bbox 628 705 701 778; x_wconf 83' lang='lat' dir='ltr'>haec</span> <span class='ocrx_word' id='word_1_5' title='bbox 728 708 825 781; x_wconf 77' lang='lat' dir='ltr'>variis</span> <span class='ocrx_word' id='word_1_6' title='bbox 852 704 959 778; x_wconf 85' lang='lat' dir='ltr'>afferit</span> <span class='ocrx_word' id='word_1_7' title='bbox 988 709 1152 805; x_wconf 78' lang='lat' dir='ltr'>errem-plis</span> <span class='ocrx_word' id='word_1_8' title='bbox 1184 688 1188 697; x_wconf 88' lang='lat'>.</span> 
     </span>
     <span class='ocr_line' id='line_1_3' title="bbox 434 802 1149 901; baseline 0.003 -27"><span class='ocrx_word' id='word_1_9' title='bbox 434 825 537 901; x_wconf 90' lang='lat' dir='ltr'>atque</span> <span class='ocrx_word' id='word_1_10' title='bbox 551 805 753 899; x_wconf 80' lang='lat' dir='ltr'>argumentis</span> <span class='ocrx_word' id='word_1_11' title='bbox 765 830 773 878; x_wconf 92' lang='lat'>:</span> <span class='ocrx_word' id='word_1_12' title='bbox 787 810 839 873; x_wconf 83' lang='lat' dir='ltr'>Ex</span> <span class='ocrx_word' id='word_1_13' title='bbox 852 802 948 871; x_wconf 82' lang='lat' dir='ltr'><em>nihilo</em></span> <span class='ocrx_word' id='word_1_14' title='bbox 962 802 1149 901; x_wconf 80' lang='lat' dir='ltr'>nihilfiert&#39;,</span> 
     </span>
     <span class='ocr_line' id='line_1_4' title="bbox 435 897 982 1000; baseline -0.002 -29"><span class='ocrx_word' id='word_1_15' title='bbox 435 901 471 971; x_wconf 89' lang='lat'>&amp;</span> <span class='ocrx_word' id='word_1_16' title='bbox 485 901 518 967; x_wconf 82' lang='lat' dir='ltr'>in</span> <span class='ocrx_word' id='word_1_17' title='bbox 530 897 665 968; x_wconf 82' lang='lat' dir='ltr'>nihilum</span> <span class='ocrx_word' id='word_1_18' title='bbox 678 901 758 970; x_wconf 74' lang='lat' dir='ltr'>nihil</span> <span class='ocrx_word' id='word_1_19' title='bbox 767 900 843 1000; x_wconf 79' lang='lat' dir='ltr'>poffe</span> <span class='ocrx_word' id='word_1_20' title='bbox 854 902 982 970; x_wconf 66' lang='lat' dir='ltr'>revere-i.</span> 
     </span>
    </p>
   </div>
   <div class='ocr_carea' id='block_1_3' title="bbox 345 1088 1184 1864">
    <p class='ocr_par' dir='ltr' id='par_1_3' title="bbox 485 1088 1146 1190">
     <span class='ocr_line' id='line_1_5' title="bbox 485 1088 1146 1190; baseline 0.008 -28"><span class='ocrx_word' id='word_1_21' title='bbox 485 1088 571 1162; x_wconf 88' lang='lat' dir='ltr'><strong>III.</strong></span> <span class='ocrx_word' id='word_1_22' title='bbox 597 1091 724 1163; x_wconf 85' lang='lat' dir='ltr'>Probat</span> <span class='ocrx_word' id='word_1_23' title='bbox 745 1093 873 1159; x_wconf 85' lang='lat' dir='ltr'>Atomos</span> <span class='ocrx_word' id='word_1_24' title='bbox 890 1140 905 1177; x_wconf 80' lang='lat'>,-</span> <span class='ocrx_word' id='word_1_25' title='bbox 928 1107 1003 1190; x_wconf 84' lang='lat' dir='ltr'>quae</span> <span class='ocrx_word' id='word_1_26' title='bbox 1033 1105 1146 1168; x_wconf 77' lang='lat' dir='ltr'>r&#39;er&#39;um</span> 
     </span>
    </p>

    <p class='ocr_par' dir='ltr' id='par_1_4' title="bbox 399 1184 1184 1382">
     <span class='ocr_line' id='line_1_6' title="bbox 399 1184 1147 1286; baseline 0.001 -25"><span class='ocrx_word' id='word_1_27' title='bbox 399 1276 401 1281; x_wconf 31' lang='grc'><strong>,</strong></span> <span class='ocrx_word' id='word_1_28' title='bbox 432 1187 507 1262; x_wconf 89' lang='lat' dir='ltr'>vult</span> <span class='ocrx_word' id='word_1_29' title='bbox 538 1184 600 1258; x_wconf 81' lang='lat' dir='ltr'>effe</span> <span class='ocrx_word' id='word_1_30' title='bbox 621 1187 810 1284; x_wconf 87' lang='lat' dir='ltr'>principia,</span> <span class='ocrx_word' id='word_1_31' title='bbox 837 1212 979 1286; x_wconf 90' lang='lat' dir='ltr'>corpora</span> <span class='ocrx_word' id='word_1_32' title='bbox 1032 1189 1147 1262; x_wconf 81' lang='lat' dir='ltr'>uidem</span> 
     </span>
     <span class='ocr_line' id='line_1_7' title="bbox 430 1212 1184 1382; baseline 0.004 -26"><span class='ocrx_word' id='word_1_33' title='bbox 430 1282 520 1366; x_wconf 83' lang='lat' dir='ltr'>esse,</span> <span class='ocrx_word' id='word_1_34' title='bbox 536 1280 595 1354; x_wconf 90' lang='lat' dir='ltr'>sed</span> <span class='ocrx_word' id='word_1_35' title='bbox 607 1309 717 1366; x_wconf 88' lang='lat' dir='ltr'>caeca,</span> <span class='ocrx_word' id='word_1_36' title='bbox 737 1283 802 1355; x_wconf 90' lang='lat' dir='ltr'>hoc</span> <span class='ocrx_word' id='word_1_37' title='bbox 816 1282 884 1368; x_wconf 85' lang='lat' dir='ltr'>est,</span> <span class='ocrx_word' id='word_1_38' title='bbox 899 1310 974 1382; x_wconf 86' lang='lat' dir='ltr'>quae</span> <span class='ocrx_word' id='word_1_39' title='bbox 988 1212 1048 1356; x_wconf 69' lang='lat' dir='ltr'>sirit</span> <span class='ocrx_word' id='word_1_40' title='bbox 1064 1310 1146 1359; x_wconf 76' lang='lat' dir='ltr'>oc-u-</span> <span class='ocrx_word' id='word_1_41' title='bbox 1181 1326 1184 1331; x_wconf 95' lang='lat'>·</span> 
     </span>
    </p>

    <p class='ocr_par' dir='ltr' id='par_1_5' title="bbox 429 1378 1146 1571">
     <span class='ocr_line' id='line_1_8' title="bbox 429 1378 1146 1479; baseline 0.008 -29"><span class='ocrx_word' id='word_1_42' title='bbox 429 1378 484 1451; x_wconf 86' lang='lat' dir='ltr'>los</span> <span class='ocrx_word' id='word_1_43' title='bbox 510 1403 582 1449; x_wconf 91' lang='lat' dir='ltr'>non</span> <span class='ocrx_word' id='word_1_44' title='bbox 604 1378 752 1451; x_wconf 86' lang='lat' dir='ltr'>cadant:</span> <span class='ocrx_word' id='word_1_45' title='bbox 773 1378 1034 1479; x_wconf 78' lang='lat' dir='ltr'>sententiamque</span> <span class='ocrx_word' id='word_1_46' title='bbox 1059 1382 1146 1457; x_wconf 86' lang='lat' dir='ltr'>hanc</span> 
     </span>
     <span class='ocr_line' id='line_1_9' title="bbox 431 1475 1144 1571; baseline 0.003 -23"><span class='ocrx_word' id='word_1_47' title='bbox 431 1476 531 1548; x_wconf 85' lang='lat' dir='ltr'>variis</span> <span class='ocrx_word' id='word_1_48' title='bbox 551 1475 710 1571; x_wconf 83' lang='lat' dir='ltr'>exemplis</span> <span class='ocrx_word' id='word_1_49' title='bbox 735 1475 777 1547; x_wconf 91' lang='lat' dir='ltr'>de</span> <span class='ocrx_word' id='word_1_50' title='bbox 797 1501 926 1562; x_wconf 89' lang='lat' dir='ltr'>vent0,</span> <span class='ocrx_word' id='word_1_51' title='bbox 950 1476 993 1548; x_wconf 86' lang='lat' dir='ltr'>de</span> <span class='ocrx_word' id='word_1_52' title='bbox 1011 1476 1144 1563; x_wconf 82' lang='lat' dir='ltr'>odore,</span> 
     </span>
    </p>

    <p class='ocr_par' dir='ltr' id='par_1_6' title="bbox 345 1569 1146 1766">
     <span class='ocr_line' id='line_1_10' title="bbox 345 1569 1146 1670; baseline 0 -22"><span class='ocrx_word' id='word_1_53' title='bbox 345 1641 349 1648; x_wconf 89' lang='lat'>.</span> <span class='ocrx_word' id='word_1_54' title='bbox 431 1570 475 1643; x_wconf 89' lang='lat' dir='ltr'>de</span> <span class='ocrx_word' id='word_1_55' title='bbox 499 1569 634 1655; x_wconf 88' lang='lat' dir='ltr'>calore,</span> <span class='ocrx_word' id='word_1_56' title='bbox 655 1570 697 1642; x_wconf 92' lang='lat' dir='ltr'>de</span> <span class='ocrx_word' id='word_1_57' title='bbox 724 1569 869 1670; x_wconf 89' lang='lat' dir='ltr'>frigore,</span> <span class='ocrx_word' id='word_1_58' title='bbox 888 1573 930 1647; x_wconf 90' lang='lat' dir='ltr'>de</span> <span class='ocrx_word' id='word_1_59' title='bbox 949 1593 1057 1658; x_wconf 71' lang='lat' dir='ltr'>voce,</span> <span class='ocrx_word' id='word_1_60' title='bbox 1083 1574 1146 1648; x_wconf 83' lang='lat' dir='ltr'>de·</span> 
     </span>
     <span class='ocr_line' id='line_1_11' title="bbox 456 1665 1146 1766; baseline 0.007 -28"><span class='ocrx_word' id='word_1_61' title='bbox 456 1692 497 1738; x_wconf 92' lang='lat' dir='ltr'>ue</span> <span class='ocrx_word' id='word_1_62' title='bbox 519 1666 589 1738; x_wconf 87' lang='lat' dir='ltr'>aliis</span> <span class='ocrx_word' id='word_1_63' title='bbox 618 1665 781 1766; x_wconf 74' lang='lat' dir='ltr'>ejusmodi</span> <span class='ocrx_word' id='word_1_64' title='bbox 809 1671 933 1754; x_wconf 85' lang='lat' dir='ltr'>rebus,</span> <span class='ocrx_word' id='word_1_65' title='bbox 962 1696 1038 1766; x_wconf 81' lang='lat' dir='ltr'>quae</span> <span class='ocrx_word' id='word_1_66' title='bbox 1063 1695 1146 1743; x_wconf 88' lang='lat' dir='ltr'>con·</span> 
     </span>
    </p>

    <p class='ocr_par' dir='ltr' id='par_1_7' title="bbox 428 1692 1118 1864">
     <span class='ocr_line' id='line_1_12' title="bbox 428 1692 1118 1864; baseline 0.009 -28"><span class='ocrx_word' id='word_1_67' title='bbox 428 1692 491 1861; x_wconf 51' lang='lat' dir='ltr'>fiat</span> <span class='ocrx_word' id='word_1_68' title='bbox 507 1761 570 1837; x_wconf 83' lang='lat' dir='ltr'>effe</span> <span class='ocrx_word' id='word_1_69' title='bbox 584 1790 749 1862; x_wconf 85' lang='lat' dir='ltr'>corpora,</span> <span class='ocrx_word' id='word_1_70' title='bbox 763 1768 911 1864; x_wconf 79' lang='lat' dir='ltr'>repetitis</span> <span class='ocrx_word' id='word_1_71' title='bbox 927 1765 1118 1842; x_wconf 85' lang='lat' dir='ltr'>confirmat.</span> 
     </span>
    </p>
   </div>
   <div class='ocr_carea' id='block_1_4' title="bbox 315 1952 1144 2832">
    <p class='ocr_par' dir='ltr' id='par_1_8' title="bbox 419 1952 1144 2033">
     <span class='ocr_line' id='line_1_13' title="bbox 419 1952 1144 2033; baseline 0.004 -3"><span class='ocrx_word' id='word_1_72' title='bbox 419 1994 422 2000; x_wconf 94' lang='lat'><em>·</em></span> <span class='ocrx_word' id='word_1_73' title='bbox 480 1952 501 2030; x_wconf 87' lang='lat' dir='ltr'>I</span> <span class='ocrx_word' id='word_1_74' title='bbox 508 1958 553 2032; x_wconf 90' lang='lat' dir='ltr'>V.</span> <span class='ocrx_word' id='word_1_75' title='bbox 579 1956 768 2032; x_wconf 77' lang='lat' dir='ltr'>Conteri‘dit</span> <span class='ocrx_word' id='word_1_76' title='bbox 792 1959 940 2032; x_wconf 84' lang='lat' dir='ltr'>Atornos</span> <span class='ocrx_word' id='word_1_77' title='bbox 965 1978 1036 2031; x_wconf 52' lang='lat' dir='ltr'>non*</span> <span class='ocrx_word' id='word_1_78' title='bbox 1060 1980 1144 2033; x_wconf 79' lang='lat' dir='ltr'>unat</span> 
     </span>
    </p>

    <p class='ocr_par' dir='ltr' id='par_1_9' title="bbox 427 2052 1141 2153">
     <span class='ocr_line' id='line_1_14' title="bbox 427 2052 1141 2153; baseline 0 -25"><span class='ocrx_word' id='word_1_79' title='bbox 427 2052 491 2128; x_wconf 84' lang='lat' dir='ltr'>esse</span> <span class='ocrx_word' id='word_1_80' title='bbox 506 2082 616 2128; x_wconf 87' lang='lat' dir='ltr'>rerum</span> <span class='ocrx_word' id='word_1_81' title='bbox 627 2055 829 2153; x_wconf 75' lang='lat' dir='ltr'>¹primordia:</span> <span class='ocrx_word' id='word_1_82' title='bbox 845 2054 901 2127; x_wconf 87' lang='lat' dir='ltr'>sed</span> <span class='ocrx_word' id='word_1_83' title='bbox 915 2064 1013 2125; x_wconf 83' lang='lat' dir='ltr'>Inane</span> <span class='ocrx_word' id='word_1_84' title='bbox 1026 2054 1141 2139; x_wconf 89' lang='lat' dir='ltr'>addit,</span> 
     </span>
    </p>

    <p class='ocr_par' dir='ltr' id='par_1_10' title="bbox 368 2154 1143 2347">
     <span class='ocr_line' id='line_1_15' title="bbox 425 2154 1143 2250; baseline 0 -26"><span class='ocrx_word' id='word_1_85' title='bbox 425 2177 470 2224; x_wconf 85' lang='lat' dir='ltr'>ex</span> <span class='ocrx_word' id='word_1_86' title='bbox 495 2179 563 2250; x_wconf 92' lang='lat' dir='ltr'>quo</span> <span class='ocrx_word' id='word_1_87' title='bbox 586 2158 627 2225; x_wconf 76' lang='grc' dir='ltr'>δι’</span> <span class='ocrx_word' id='word_1_88' title='bbox 648 2154 847 2224; x_wconf 78' lang='lat' dir='ltr'>ex.At&#39;on1is</span> <span class='ocrx_word' id='word_1_89' title='bbox 872 2175 945 2224; x_wconf 88' lang='lat' dir='ltr'>tota</span> <span class='ocrx_word' id='word_1_90' title='bbox 971 2156 1006 2225; x_wconf 92' lang='lat'>&amp;</span> <span class='ocrx_word' id='word_1_91' title='bbox 1034 2155 1143 2225; x_wconf 78' lang='lat' dir='ltr'>omnis</span> 
     </span>
     <span class='ocr_line' id='line_1_16' title="bbox 368 2247 1143 2347; baseline 0.001 -27"><span class='ocrx_word' id='word_1_92' title='bbox 368 2299 375 2311; x_wconf 63' lang='lat'>„</span> <span class='ocrx_word' id='word_1_93' title='bbox 427 2274 538 2320; x_wconf 85' lang='lat' dir='ltr'>return</span> <span class='ocrx_word' id='word_1_94' title='bbox 553 2272 669 2320; x_wconf 88' lang='lat' dir='ltr'>natura</span> <span class='ocrx_word' id='word_1_95' title='bbox 683 2247 846 2320; x_wconf 81' lang='lat' dir='ltr'>coalescat</span> <span class='ocrx_word' id='word_1_96' title='bbox 854 2273 866 2334; x_wconf 83' lang='lat'>3</span> <span class='ocrx_word' id='word_1_97' title='bbox 879 2274 920 2320; x_wconf 92' lang='lat' dir='ltr'>ne</span> <span class='ocrx_word' id='word_1_98' title='bbox 946 2272 1046 2346; x_wconf 90' lang='lat' dir='ltr'>atque</span> <span class='ocrx_word' id='word_1_99' title='bbox 1058 2270 1143 2347; x_wconf 72' lang='lat' dir='ltr'>prae·</span> 
     </span>
    </p>

    <p class='ocr_par' dir='ltr' id='par_1_11' title="bbox 424 2276 1141 2440">
     <span class='ocr_line' id='line_1_17' title="bbox 424 2276 1141 2440; baseline 0.004 -24"><span class='ocrx_word' id='word_1_100' title='bbox 424 2367 478 2416; x_wconf 90' lang='lat' dir='ltr'>ter</span> <span class='ocrx_word' id='word_1_101' title='bbox 490 2345 561 2416; x_wconf 84' lang='lat' dir='ltr'>haec</span> <span class='ocrx_word' id='word_1_102' title='bbox 574 2344 643 2416; x_wconf 91' lang='lat' dir='ltr'>duo</span> <span class='ocrx_word' id='word_1_103' title='bbox 661 2346 792 2417; x_wconf 78' lang='lat' dir='ltr'>tertiam</span> <span class='ocrx_word' id='word_1_104' title='bbox 834 2343 899 2416; x_wconf 80' lang='lat' dir='ltr'>offe</span> <span class='ocrx_word' id='word_1_105' title='bbox 918 2276 990 2416; x_wconf 51' lang='grc' dir='ltr'>ἐπὶ</span> <span class='ocrx_word' id='word_1_106' title='bbox 1001 2348 1141 2440; x_wconf 85' lang='lat' dir='ltr'>primam</span> 
     </span>
    </p>

    <p class='ocr_par' dir='ltr' id='par_1_12' title="bbox 425 2371 1142 2525">
     <span class='ocr_line' id='line_1_18' title="bbox 425 2371 1142 2525; baseline -0.001 -12"><span class='ocrx_word' id='word_1_107' title='bbox 425 2466 536 2513; x_wconf 87' lang='lat' dir='ltr'>rerum</span> <span class='ocrx_word' id='word_1_108' title='bbox 561 2465 733 2525; x_wconf 87' lang='lat' dir='ltr'>naturam,</span> <span class='ocrx_word' id='word_1_109' title='bbox 764 2371 831 2513; x_wconf 61' lang='lat' dir='ltr'>feti</span> <span class='ocrx_word' id='word_1_110' title='bbox 848 2441 967 2513; x_wconf 89' lang='lat' dir='ltr'>horum</span> <span class='ocrx_word' id='word_1_111' title='bbox 995 2440 1142 2512; x_wconf 86' lang='lat' dir='ltr'>duorum</span> 
     </span>
    </p>

    <p class='ocr_par' dir='ltr' id='par_1_13' title="bbox 315 2538 1143 2832">
     <span class='ocr_line' id='line_1_19' title="bbox 425 2538 1143 2634; baseline 0.001 -25"><span class='ocrx_word' id='word_1_112' title='bbox 425 2553 546 2629; x_wconf 57' lang='lat' dir='ltr'>caetera</span> <span class='ocrx_word' id='word_1_113' title='bbox 568 2538 635 2610; x_wconf 88' lang='lat' dir='ltr'>dici</span> <span class='ocrx_word' id='word_1_114' title='bbox 648 2541 820 2625; x_wconf 64' lang='lat' dir='ltr'>Conjunlia</span> <span class='ocrx_word' id='word_1_115' title='bbox 833 2541 868 2609; x_wconf 91' lang='lat'>&amp;</span> <span class='ocrx_word' id='word_1_116' title='bbox 885 2545 1034 2620; x_wconf 80' lang='lat' dir='ltr'>Eventa,</span> <span class='ocrx_word' id='word_1_117' title='bbox 1059 2563 1143 2634; x_wconf 87' lang='lat' dir='ltr'>quas</span> 
     </span>
     <span class='ocr_line' id='line_1_20' title="bbox 423 2632 1142 2732; baseline 0.001 -26"><span class='ocrx_word' id='word_1_118' title='bbox 423 2633 530 2729; x_wconf 80' lang='lat' dir='ltr'><strong>vulgb</strong></span> <span class='ocrx_word' id='word_1_119' title='bbox 545 2661 655 2708; x_wconf 87' lang='lat' dir='ltr'>retum</span> <span class='ocrx_word' id='word_1_120' title='bbox 668 2636 889 2732; x_wconf 82' lang='lat' dir='ltr'>proprietates</span> <span class='ocrx_word' id='word_1_121' title='bbox 904 2637 939 2706; x_wconf 91' lang='lat'>&amp;</span> <span class='ocrx_word' id='word_1_122' title='bbox 954 2632 1142 2707; x_wconf 85' lang='lat' dir='ltr'>accidentia</span> 
     </span>
     <span class='ocr_line' id='line_1_21' title="bbox 315 2752 968 2832; baseline 0.005 -34"><span class='ocrx_word' id='word_1_123' title='bbox 315 2777 331 2832; x_wconf 45' lang='lat'><em>2</em></span> <span class='ocrx_word' id='word_1_124' title='bbox 422 2752 560 2810; x_wconf 81' lang='lat' dir='ltr'>¹vocant.</span> <span class='ocrx_word' id='word_1_125' title='bbox 965 2770 968 2778; x_wconf 88' lang='lat'>.</span> 
     </span>
    </p>
   </div>
   <div class='ocr_carea' id='block_1_5' title="bbox 473 2915 1145 3029">
    <p class='ocr_par' dir='ltr' id='par_1_14' title="bbox 473 2915 1145 3029">
     <span class='ocr_line' id='line_1_22' title="bbox 473 2915 1145 3029; baseline 0.007 -36"><span class='ocrx_word' id='word_1_126' title='bbox 473 2915 524 3006; x_wconf 59' lang='lat' dir='ltr'>‚Va</span> <span class='ocrx_word' id='word_1_127' title='bbox 544 2918 756 2998; x_wconf 82' lang='lat' dir='ltr'>Atotnorurn</span> <span class='ocrx_word' id='word_1_128' title='bbox 782 2923 871 2997; x_wconf 84' lang='lat' dir='ltr'>hanc</span> <span class='ocrx_word' id='word_1_129' title='bbox 898 2919 964 2999; x_wconf 79' lang='lat' dir='ltr'>effe</span> <span class='ocrx_word' id='word_1_130' title='bbox 986 2944 1145 3029; x_wconf 82' lang='lat' dir='ltr'>naturam</span> 
     </span>
    </p>
   </div>
   <div class='ocr_carea' id='block_1_6' title="bbox 0 0 1368 4217">
    <p class='ocr_par' dir='ltr' id='par_1_15' title="bbox 0 0 1368 4217">
     <span class='ocr_line' id='line_1_23' title="bbox 0 0 1368 4217; baseline 0 5"><span class='ocrx_word' id='word_1_131' title='bbox 0 0 1368 4217; x_wconf 95' lang='lat' dir='ltr'> </span> 
     </span>
    </p>
   </div>
  </div>
 </body>
</html>
