2725 4217
438 587 495 627 200
625 556 663 624 T.
700 555 1002 625 uveni-:Tri

434 664 553 728 Expertet
567 657 638 726 opis,
647 658 749 727 ignaros
761 660 823 727 quid
831 663 934 713 volnera
942 664 1051 716 uellent.⁸

470 795 510 845 At
517 809 567 845 non
574 794 652 845 multa
659 792 743 845 virum
752 790 795 841 sub
803 791 877 859 fignie
884 790 965 842 millia
973 793 1046 846 dudio

435 864 488 913 ilua
496 861 549 912 diet
558 863 631 912 dabat
638 859 716 912 exitio
724 896 732 918 ,
741 875 786 908 nec
794 859 896 910 turbida
904 858 978 923 ponti

436 931 548 995 AEquora
555 929 675 979 laedebant
681 943 756 978 navet
763 925 794 975 ad
801 930 869 982 sara,
879 925 1007 991 virosque.

437 998 486 1047 Sed
495 998 602 1055 temere,
613 995 729 1046 incalium
737 992 985 1058 marelludlibu’saepe
994 997 1090 1048 coorti·

435 1063 555 1120 saevibat,
565 1062 703 1128 leviterque
711 1061 788 1111 minas
799 1061 908 1125 ponebar
916 1059 1017 1112 intaeta

435 1133 491 1181 Nec
501 1143 601 1194 poterat
607 1145 752 1207 quemquam
758 1127 851 1192 placidi
859 1126 965 1190 pellacia
973 1128 1047 1192 ponti

435 1199 546 1248 Subdola
554 1197 673 1262 pellicere
682 1212 708 1246 ιιι
717 1194 827 1246 fraudem
836 1192 974 1246 ridentibus
983 1196 1067 1250 undir.

436 1263 658 1331 Improbtnarigii
668 1262 795 1314 rariorum
807 1278 870 1313 caca
877 1261 983 1322 iacebat.

436 1334 503 1383 Tum
512 1330 613 1396 penuria
622 1330 712 1382 deiude
719 1328 769 1380 cibi
778 1326 921 1396 languentia
928 1328 1001 1379 letho

438 1399 553 1451 Membra
562 1399 649 1450 dabat:
661 1397 818 1448 contrinunc
826 1411 907 1446 rerum
917 1395 993 1460 copia
1000 1398 1098 1449 metiar·⁸

438 1464 485 1519 llli
494 1465 661 1531 imprudentes
670 1465 714 1530 ipfi
723 1461 766 1514 sibi
774 1465 834 1528 sepe
846 1478 968 1514 venenum

436 1533 598 1601 Nergebant:
606 1549 670 1584 nunt
680 1534 741 1583 dant
749 1528 804 1581 aliis
811 1527 924 1582 solertiiu
933 1528 989 1596 ipsi.

475 1683 537 1734 ludi
546 1683 610 1734 casas
617 1684 753 1751 postquam,
761 1701 789 1735 ae
797 1683 884 1749 pelles,
894 1682 1026 1751 ignemque
1033 1684 1147 1752 paruum,

441 1751 475 1800 Et
483 1749 571 1800 mulier
579 1753 706 1814 conjunlla
716 1751 773 1802 viro
782 1749 902 1801 conceffit
910 1749 935 1799 in
944 1769 1036 1814 unum3

442 1818 560 1882 Castaque
569 1816 670 1882 private
680 1818 785 1869 Veneris
795 1816 918 1868 connubia
927 1818 982 1871 lara

441 1883 553 1950 Cognita
560 1886 631 1945 sunt,
641 1886 786 1952 prolemque
794 1901 823 1935 en
832 1887 856 1935 se
864 1882 953 1937 vidire
963 1902 1085 1939 crearrmt
1096 1939 1099 1943 .

440 1952 506 2002 Tum
515 1968 591 2018 genus
598 1953 730 2004 humanum
737 1951 843 2018 primum
853 1951 998 2005 mollescere
1007 1953 1092 2021 cupit.

442 2018 513 2084 ignit
521 2018 586 2070 enim
597 2019 710 2080 curavit,
720 2034 749 2072 ut
757 2021 813 2070 alfia
821 2034 927 2082 corpora
935 2021 1016 2088 frigus

443 2087 505 2138 Non
513 2086 548 2137 ita
556 2089 604 2151 jam
612 2087 710 2153 pollent
718 2085 782 2139 coli
794 2086 835 2137 iub
848 2084 957 2151 tegmine
970 2093 1051 2148 ferree

443 2157 477 2205 Et
485 2156 568 2205 Venus
576 2154 700 2206 imminuit
707 2154 788 2211 vires,
796 2152 914 2217 puerique
925 2170 1054 2219 parentum

445 2221 579 2273 Blanditiis
586 2222 659 2273 facile
666 2221 792 2287 ingenium
800 2219 897 2286 fregere
906 2222 1045 2287 superbum·

446 2290 515 2338 Tunc
526 2288 690 2341 &amicitiam
699 2287 929 2353 ceperuntjungere
938 2326 945 2349 ,
956 2291 1072 2341 habentes

444 2354 562 2407 finitima
569 2356 634 2408 inter
642 2358 683 2415 se,
693 2372 737 2406 nec
747 2355 850 2412 ledere,
859 2370 904 2405 nec
914 2357 1025 2416 violare3

444 2427 479 2477 Et
487 2440 576 2488 pueros
584 2421 801 2480 commendirunt,
812 2421 979 2490 muliebreque
989 2424 1084 2477 setium

446 2492 572 2550 Vocibus,
583 2491 695 2556 &gestu‚
707 2489 762 2541 clun
771 2488 1028 2555 balbefignificarem,

445 2559 632 2610 imbecillorum
642 2558 689 2608 eise
697 2573 790 2623 equum
800 2554 936 2609 misererier
945 2559 1066 2612 omnium.

444 2628 505 2678 Non
516 2641 597 2677 tamen
607 2623 759 2676 omnimodis
768 2638 867 2688 poterat
877 2627 1013 2678 concordia
1022 2628 1110 2693 gigni3

444 2695 492 2743 Sed
502 2695 566 2744 bona
574 2711 707 2760 magnaque
718 2708 772 2758 part
781 2693 909 2743 servabant
917 2696 1010 2745 foedera
1021 2695 1093 2747 castis

444 2759 499 2808 Aut
505 2777 580 2824 genus
588 2761 719 2812 humanum
727 2762 774 2823 jam
783 2775 834 2809 rum
842 2762 909 2810 foret
918 2778 991 2812 omne
998 2774 1151 2832 peremptum,¹

444 2825 498 2876 Nec
505 2828 624 2890 potuilset
632 2829 709 2880 adhuc
719 2828 854 2892 perducere
865 2828 933 2880 secla
941 2846 1067 2899 propago,

473 2954 805 3030 Arvarioelinguesouitue
814 2963 911 3016 Natura
919 2961 1019 3031 subegit
1116 3023 1118 3028 Α
