2725 4217
885 732 909 776 4

284 803 808 904 foooooooo
884 726 933 903 i

273 870 952 1090 -fissigssigffssfflsi

224 1196 232 1204 ’
290 1148 402 1273 ΕΒ]Ι
408 1194 475 1263 TO
488 1195 578 1262 RJS
610 1193 803 1260 PRAEFA
815 1198 925 1271 TIO.

442 1408 477 1480 R
488 1433 513 1480 o
530 1430 556 1478 n
573 1431 588 1476 1
605 1426 630 1476 τ
644 1404 779 1479 tandem
793 1433 882 1482 nova
893 1408 964 1487 Lu·

328 1476 424 1596 “)=
448 1504 543 1579 cretii
572 1501 675 1575 editio
712 1505 750 1576 iis
783 1507 963 1596 omnibus,

275 1596 297 1600 ⁰
416 1581 425 1689 ἶ
450 1623 621 1700 quotquot
631 1599 740 1674 adhuc
754 1602 964 1697 prodierunt,

264 1616 418 1756 ¹⁶:³²
450 1704 484 1771 δι
499 1697 602 1793 longi
621 1703 831 1784 accuratior,
857 1705 893 1773 &
921 1704 965 1776 ad

246 1797 457 1892 optimorum
486 1793 656 1871 Codicum
685 1792 786 1867 fidem
821 1795 964 1894 diligen·

247 1893 315 1968 tiis
329 1890 511 1989 explorata.
525 1892 690 1981 Quamvis
712 1915 822 1963 autem
839 1893 872 1965 in
896 1897 963 1970 hoc

249 1988 387 2067 edendo
410 2015 511 2084 opere
534 1985 705 2084 provisum
729 1985 747 2057 zi
771 1988 867 2060 nobis
895 1990 964 2063 stu-

250 2084 425 2163 diofiffimo
441 2083 562 2169 fuerit,
585 2107 623 2155 ut
637 2109 678 2156 ne
697 2083 779 2182 quid
800 2083 963 2164 desidere-

250 2208 311 2258 tur
331 2181 426 2281 quod
444 2184 585 2255 humana
605 2180 716 2255 valeat
739 2180 890 2278 praestare
914 2185 964 2259 se-

252 2280 397 2364 dulitas,
420 2305 488 2352 non
502 2277 676 2355 defuturos
692 2303 803 2351 tamen
823 2277 964 2377 suspica·
1089 2342 1093 2351 .

252 2404 331 2452 mur
350 2376 527 2450 nonnullos
541 2376 716 2457 homines,
740 2373 863 2470 eosque
884 2403 966 2472 pau-

251 2475 289 2549 lo
310 2474 555 2573 religiosiores,
582 2471 702 2568 quibus
724 2471 858 2543 minimi
882 2478 964 2548 arri-

254 2572 335 2646 deat
362 2570 472 2645 noster
495 2570 617 2650 labor,
644 2563 808 2661 impensus
839 2566 963 2649 scilicet

253 2669 298 2743 ad
313 2665 539 2768 evulgandum
558 2662 719 2760 ejusmodi
736 2668 868 2759 poi'tarn
883 2674 962 2766 qui,

250 2767 335 2841 dum
367 2766 502 2864 impiam
546 2762 685 2857 Epicuri
724 2760 962 2859 philosophiam

183 2926 191 2947 .
247 2863 392 2965 po'e'seos
406 2861 607 2964 ornamentis
619 2857 778 2944 illustrat,
794 2859 837 2932 ad
850 2861 964 2963 impie·
1053 2866 1055 2869 ’

707 2999 843 3054 ,42
