<?xml version="1.0" encoding="UTF-8"?>
<!DOCTYPE html PUBLIC "-//W3C//DTD XHTML 1.0 Transitional//EN"
    "http://www.w3.org/TR/xhtml1/DTD/xhtml1-transitional.dtd">
<html xmlns="http://www.w3.org/1999/xhtml" xml:lang="en" lang="en">
 <head>
  <title>
</title>
<meta http-equiv="Content-Type" content="text/html;charset=utf-8" />
  <meta name='ocr-system' content='tesseract 3.04.00' />
  <meta name='ocr-capabilities' content='ocr_page ocr_carea ocr_par ocr_line ocrx_word'/>
</head>
<body>
  <div class='ocr_page' id='page_1' title='image "./titilucretiicar00miergoog_0015.png"; bbox 0 0 2725 4217; ppageno 0'>
   <div class='ocr_carea' id='block_1_1' title="bbox 499 583 1045 654">
    <p class='ocr_par' dir='ltr' id='par_1_1' title="bbox 499 583 1045 654">
     <span class='ocr_line' id='line_1_1' title="bbox 499 583 1045 654; baseline 0.011 -6"><span class='ocrx_word' id='word_1_1' title='bbox 499 583 851 653; x_wconf 86' lang='lat' dir='ltr'><em>PRAEFATIO.</em></span> <span class='ocrx_word' id='word_1_2' title='bbox 1007 607 1045 654; x_wconf 91' lang='lat' dir='ltr'><strong>·v</strong></span> 
     </span>
    </p>
   </div>
   <div class='ocr_carea' id='block_1_2' title="bbox 320 693 1090 2118">
    <p class='ocr_par' dir='ltr' id='par_1_2' title="bbox 320 693 1090 2118">
     <span class='ocr_line' id='line_1_2' title="bbox 330 693 1044 795; baseline -0.004 -26"><span class='ocrx_word' id='word_1_3' title='bbox 330 696 416 770; x_wconf 82' lang='lat' dir='ltr'><strong>latet</strong></span> <span class='ocrx_word' id='word_1_4' title='bbox 427 693 478 780; x_wconf 66' lang='grc' dir='ltr'><strong>,ᾖ</strong></span> <span class='ocrx_word' id='word_1_5' title='bbox 489 695 591 770; x_wconf 77' lang='lat' dir='ltr'><strong>modi&gt;</strong></span> <span class='ocrx_word' id='word_1_6' title='bbox 606 697 810 782; x_wconf 80' lang='lat' dir='ltr'><strong>attenderit,</strong></span> <span class='ocrx_word' id='word_1_7' title='bbox 833 720 1044 795; x_wconf 74' lang='lat' dir='ltr'><strong>quaecunque</strong></span> 
     </span>
     <span class='ocr_line' id='line_1_3' title="bbox 332 791 1090 890; baseline -0.004 -25"><span class='ocrx_word' id='word_1_8' title='bbox 332 792 377 865; x_wconf 87' lang='lat' dir='ltr'><strong>de</strong></span> <span class='ocrx_word' id='word_1_9' title='bbox 402 792 537 865; x_wconf 88' lang='lat' dir='ltr'><strong>Atomis</strong></span> <span class='ocrx_word' id='word_1_10' title='bbox 562 791 674 864; x_wconf 83' lang='lat' dir='ltr'><strong>effutit</strong></span> <span class='ocrx_word' id='word_1_11' title='bbox 698 794 886 890; x_wconf 81' lang='lat' dir='ltr'>Epicurus,</span> <span class='ocrx_word' id='word_1_12' title='bbox 915 820 953 866; x_wconf 86' lang='lat' dir='ltr'><strong>ea</strong></span> <span class='ocrx_word' id='word_1_13' title='bbox 975 817 1044 864; x_wconf 91' lang='lat' dir='ltr'><strong>tam</strong></span> <span class='ocrx_word' id='word_1_14' title='bbox 1086 866 1090 876; x_wconf 62' lang='grc'><strong><em>,</em></strong></span> 
     </span>
     <span class='ocr_line' id='line_1_4' title="bbox 331 887 1044 973; baseline -0.001 -12"><span class='ocrx_word' id='word_1_15' title='bbox 331 887 507 973; x_wconf 84' lang='lat' dir='ltr'><strong>futilibus,</strong></span> <span class='ocrx_word' id='word_1_16' title='bbox 524 890 594 961; x_wconf 76' lang='lat' dir='ltr'><strong>imo</strong></span> <span class='ocrx_word' id='word_1_17' title='bbox 614 913 687 962; x_wconf 76' lang='lat' dir='ltr'><strong>tam·</strong></span> <span class='ocrx_word' id='word_1_18' title='bbox 701 889 803 961; x_wconf 89' lang='lat' dir='ltr'><strong>nullis</strong></span> <span class='ocrx_word' id='word_1_19' title='bbox 827 892 920 962; x_wconf 89' lang='lat' dir='ltr'><strong>inniti</strong></span> <span class='ocrx_word' id='word_1_20' title='bbox 938 892 1044 962; x_wconf 87' lang='lat' dir='ltr'><strong>ratio·</strong></span> 
     </span>
     <span class='ocr_line' id='line_1_5' title="bbox 331 975 1074 1082; baseline 0.001 -25"><span class='ocrx_word' id='word_1_21' title='bbox 331 1012 414 1058; x_wconf 86' lang='lat' dir='ltr'><strong>num</strong></span> <span class='ocrx_word' id='word_1_22' title='bbox 438 989 644 1071; x_wconf 88' lang='lat' dir='ltr'><strong>momentis,</strong></span> <span class='ocrx_word' id='word_1_23' title='bbox 669 1011 708 1058; x_wconf 89' lang='lat' dir='ltr'><strong>ut</strong></span> <span class='ocrx_word' id='word_1_24' title='bbox 733 1012 790 1059; x_wconf 91' lang='lat' dir='ltr'><strong>aut</strong></span> <span class='ocrx_word' id='word_1_25' title='bbox 810 1011 869 1082; x_wconf 89' lang='lat' dir='ltr'><strong>per</strong></span> <span class='ocrx_word' id='word_1_26' title='bbox 890 984 954 1057; x_wconf 83' lang='lat' dir='ltr'><strong>sese</strong></span> <span class='ocrx_word' id='word_1_27' title='bbox 976 975 1043 1082; x_wconf 82' lang='lat' dir='ltr'><strong>ipsa</strong></span> <span class='ocrx_word' id='word_1_28' title='bbox 1072 1067 1074 1072; x_wconf 67' lang='lat'>,</span> 
     </span>
     <span class='ocr_line' id='line_1_6' title="bbox 330 1080 1044 1178; baseline -0.003 -24"><span class='ocrx_word' id='word_1_29' title='bbox 330 1106 432 1154; x_wconf 83' lang='lat' dir='ltr'>ruant</span> <span class='ocrx_word' id='word_1_30' title='bbox 444 1080 591 1155; x_wconf 70' lang='lat' dir='ltr'><strong>funditus</strong></span> <span class='ocrx_word' id='word_1_31' title='bbox 604 1134 614 1165; x_wconf 93' lang='lat'>,</span> <span class='ocrx_word' id='word_1_32' title='bbox 630 1107 687 1153; x_wconf 87' lang='lat' dir='ltr'><strong>aur</strong></span> <span class='ocrx_word' id='word_1_33' title='bbox 701 1083 819 1177; x_wconf 71' lang='lat' dir='ltr'><strong>ieviter</strong></span> <span class='ocrx_word' id='word_1_34' title='bbox 841 1080 978 1178; x_wconf 87' lang='lat' dir='ltr'><strong>impulsa</strong></span> <span class='ocrx_word' id='word_1_35' title='bbox 992 1083 1044 1154; x_wconf 81' lang='lat' dir='ltr'><strong>di-</strong></span> 
     </span>
     <span class='ocr_line' id='line_1_7' title="bbox 331 1175 1046 1276; baseline 0 -27"><span class='ocrx_word' id='word_1_36' title='bbox 331 1177 528 1250; x_wconf 71' lang='lat' dir='ltr'><strong>labantur?</strong></span> <span class='ocrx_word' id='word_1_37' title='bbox 562 1175 836 1276; x_wconf 81' lang='lat' dir='ltr'><strong>Quotusquisque</strong></span> <span class='ocrx_word' id='word_1_38' title='bbox 860 1201 972 1250; x_wconf 85' lang='lat' dir='ltr'><strong>autem</strong></span> <span class='ocrx_word' id='word_1_39' title='bbox 1001 1176 1046 1249; x_wconf 84' lang='lat' dir='ltr'><strong>est</strong></span> 
     </span>
     <span class='ocr_line' id='line_1_8' title="bbox 332 1272 1047 1372; baseline -0.003 -26"><span class='ocrx_word' id='word_1_40' title='bbox 332 1301 454 1346; x_wconf 84' lang='lat' dir='ltr'><strong>eorum</strong></span> <span class='ocrx_word' id='word_1_41' title='bbox 466 1275 746 1358; x_wconf 89' lang='lat' dir='ltr'><strong>homuncionum,</strong></span> <span class='ocrx_word' id='word_1_42' title='bbox 760 1277 821 1372; x_wconf 87' lang='lat' dir='ltr'><strong>qui</strong></span> <span class='ocrx_word' id='word_1_43' title='bbox 828 1272 1047 1346; x_wconf 84' lang='lat' dir='ltr'><strong>Christianam</strong></span> 
     </span>
     <span class='ocr_line' id='line_1_9' title="bbox 331 1370 1047 1467; baseline -0.003 -25"><span class='ocrx_word' id='word_1_44' title='bbox 331 1370 547 1467; x_wconf 85' lang='lat' dir='ltr'><strong>Religionem</strong></span> <span class='ocrx_word' id='word_1_45' title='bbox 575 1370 716 1466; x_wconf 71' lang='lat' dir='ltr'><strong>apertius</strong></span> <span class='ocrx_word' id='word_1_46' title='bbox 733 1374 782 1441; x_wconf 89' lang='lat' dir='ltr'><strong>im</strong></span> <span class='ocrx_word' id='word_1_47' title='bbox 806 1393 955 1467; x_wconf 87' lang='lat' dir='ltr'><strong>ugnant,</strong></span> <span class='ocrx_word' id='word_1_48' title='bbox 988 1372 1047 1467; x_wconf 88' lang='lat' dir='ltr'><strong>qui</strong></span> 
     </span>
     <span class='ocr_line' id='line_1_10' title="bbox 321 1397 1045 1564; baseline -0.008 -20"><span class='ocrx_word' id='word_1_49' title='bbox 321 1492 402 1544; x_wconf 13' lang='lat' dir='ltr'><strong>enon</strong></span> <span class='ocrx_word' id='word_1_50' title='bbox 414 1467 597 1563; x_wconf 87' lang='lat' dir='ltr'><strong>quamlibet</strong></span> <span class='ocrx_word' id='word_1_51' title='bbox 611 1467 708 1537; x_wconf 90' lang='lat' dir='ltr'><strong>aliam</strong></span> <span class='ocrx_word' id='word_1_52' title='bbox 727 1397 837 1550; x_wconf 86' lang='lat' dir='ltr'><strong>maiit,</strong></span> <span class='ocrx_word' id='word_1_53' title='bbox 853 1465 952 1564; x_wconf 72' lang='lat' dir='ltr'><strong>quim</strong></span> <span class='ocrx_word' id='word_1_54' title='bbox 964 1467 1045 1563; x_wconf 88' lang='lat' dir='ltr'><strong>Epi-</strong></span> 
     </span>
     <span class='ocr_line' id='line_1_11' title="bbox 330 1562 1044 1660; baseline 0.004 -27"><span class='ocrx_word' id='word_1_55' title='bbox 330 1589 466 1636; x_wconf 88' lang='lat' dir='ltr'><strong>cuream</strong></span> <span class='ocrx_word' id='word_1_56' title='bbox 491 1566 683 1660; x_wconf 89' lang='lat' dir='ltr'><strong>opinionem</strong></span> <span class='ocrx_word' id='word_1_57' title='bbox 712 1562 828 1637; x_wconf 81' lang='lat' dir='ltr'><strong>tueri?</strong></span> <span class='ocrx_word' id='word_1_58' title='bbox 854 1562 938 1636; x_wconf 77' lang='lat' dir='ltr'><strong>adei)</strong></span> <span class='ocrx_word' id='word_1_59' title='bbox 966 1591 1044 1636; x_wconf 81' lang='lat' dir='ltr'><strong>cunr</strong></span> 
     </span>
     <span class='ocr_line' id='line_1_12' title="bbox 329 1659 1046 1759; baseline 0 -27"><span class='ocrx_word' id='word_1_60' title='bbox 329 1661 460 1732; x_wconf 89' lang='lat' dir='ltr'><strong>ratione</strong></span> <span class='ocrx_word' id='word_1_61' title='bbox 487 1665 523 1732; x_wconf 75' lang='grc' dir='ltr'><strong>δι</strong></span> <span class='ocrx_word' id='word_1_62' title='bbox 550 1659 662 1753; x_wconf 88' lang='lat' dir='ltr'><strong>secum</strong></span> <span class='ocrx_word' id='word_1_63' title='bbox 689 1660 756 1756; x_wconf 87' lang='lat' dir='ltr'><strong>ipsa</strong></span> <span class='ocrx_word' id='word_1_64' title='bbox 781 1685 908 1758; x_wconf 87' lang='lat' dir='ltr'><strong>pugnat</strong></span> <span class='ocrx_word' id='word_1_65' title='bbox 923 1685 935 1751; x_wconf 74' lang='lat'>3</span> <span class='ocrx_word' id='word_1_66' title='bbox 966 1665 1046 1759; x_wconf 91' lang='lat' dir='ltr'><strong>quin</strong></span> 
     </span>
     <span class='ocr_line' id='line_1_13' title="bbox 329 1755 1047 1854; baseline 0 -26"><span class='ocrx_word' id='word_1_67' title='bbox 329 1757 430 1830; x_wconf 84' lang='lat' dir='ltr'><strong>etiam</strong></span> <span class='ocrx_word' id='word_1_68' title='bbox 453 1782 495 1828; x_wconf 86' lang='lat' dir='ltr'><strong>ne</strong></span> <span class='ocrx_word' id='word_1_69' title='bbox 521 1759 559 1828; x_wconf 91' lang='lat' dir='ltr'><strong>iis</strong></span> <span class='ocrx_word' id='word_1_70' title='bbox 589 1755 726 1854; x_wconf 85' lang='lat' dir='ltr'><strong>quidem</strong></span> <span class='ocrx_word' id='word_1_71' title='bbox 748 1759 949 1854; x_wconf 83' lang='lat' dir='ltr'><strong>argumentis</strong></span> <span class='ocrx_word' id='word_1_72' title='bbox 970 1760 1047 1854; x_wconf 91' lang='lat' dir='ltr'><strong>phi-</strong></span> 
     </span>
     <span class='ocr_line' id='line_1_14' title="bbox 320 1849 1047 1951; baseline 0.003 -28"><span class='ocrx_word' id='word_1_73' title='bbox 320 1850 489 1948; x_wconf 62' lang='lat' dir='ltr'><strong>,losophus</strong></span> <span class='ocrx_word' id='word_1_74' title='bbox 502 1857 629 1936; x_wconf 88' lang='lat' dir='ltr'><strong>utitur,</strong></span> <span class='ocrx_word' id='word_1_75' title='bbox 654 1849 729 1951; x_wconf 82' lang='lat' dir='ltr'><strong>q&#39;uae</strong></span> <span class='ocrx_word' id='word_1_76' title='bbox 747 1855 771 1925; x_wconf 88' lang='lat' dir='ltr'>fi</span> <span class='ocrx_word' id='word_1_77' title='bbox 788 1880 856 1926; x_wconf 89' lang='lat' dir='ltr'><strong>non</strong></span> <span class='ocrx_word' id='word_1_78' title='bbox 871 1879 953 1925; x_wconf 88' lang='lat' dir='ltr'><strong>vero</strong></span> <span class='ocrx_word' id='word_1_79' title='bbox 967 1875 1047 1950; x_wconf 88' lang='lat' dir='ltr'><strong>pro·</strong></span> 
     </span>
     <span class='ocr_line' id='line_1_15' title="bbox 327 1948 1048 2118; baseline 0.004 -99.975"><span class='ocrx_word' id='word_1_80' title='bbox 327 1950 420 2118; x_wconf 57' lang='grc' dir='ltr'><strong>ἒίωε</strong></span> <span class='ocrx_word' id='word_1_81' title='bbox 431 2001 443 2034; x_wconf 87' lang='grc'><em>,</em></span> <span class='ocrx_word' id='word_1_82' title='bbox 457 1948 571 2022; x_wconf 87' lang='lat' dir='ltr'><strong>saltem</strong></span> <span class='ocrx_word' id='word_1_83' title='bbox 588 1975 656 2023; x_wconf 91' lang='lat' dir='ltr'><strong>non</strong></span> <span class='ocrx_word' id='word_1_84' title='bbox 675 1953 812 2023; x_wconf 91' lang='lat' dir='ltr'><strong>omnino</strong></span> <span class='ocrx_word' id='word_1_85' title='bbox 835 1948 976 2024; x_wconf 86' lang='lat' dir='ltr'><strong>absurda</strong></span> <span class='ocrx_word' id='word_1_86' title='bbox 995 1952 1048 2024; x_wconf 90' lang='lat' dir='ltr'><strong>vi·</strong></span> 
     </span>
     <span class='ocr_line' id='line_1_16' title="bbox 355 2068 484 2118; baseline 0 0"><span class='ocrx_word' id='word_1_87' title='bbox 355 2068 484 2118; x_wconf 86' lang='lat' dir='ltr'><strong>eantur.</strong></span> 
     </span>
    </p>
   </div>
   <div class='ocr_carea' id='block_1_3' title="bbox 323 2231 1046 2700">
    <p class='ocr_par' dir='ltr' id='par_1_3' title="bbox 323 2231 1046 2700">
     <span class='ocr_line' id='line_1_17' title="bbox 384 2231 1046 2337; baseline 0.009 -28"><span class='ocrx_word' id='word_1_88' title='bbox 384 2238 602 2337; x_wconf 83' lang='lat' dir='ltr'><strong>Quapropter</strong></span> <span class='ocrx_word' id='word_1_89' title='bbox 638 2235 680 2312; x_wconf 88' lang='lat' dir='ltr'><strong>ad</strong></span> <span class='ocrx_word' id='word_1_90' title='bbox 714 2232 862 2316; x_wconf 85' lang='lat' dir='ltr'><strong>edendos</strong></span> <span class='ocrx_word' id='word_1_91' title='bbox 894 2231 1046 2315; x_wconf 81' lang='lat' dir='ltr'><strong>Lucretii</strong></span> 
     </span>
     <span class='ocr_line' id='line_1_18' title="bbox 328 2333 1042 2433; baseline 0.01 -30"><span class='ocrx_word' id='word_1_92' title='bbox 328 2333 376 2419; x_wconf 68' lang='lat' dir='ltr'><strong>da</strong></span> <span class='ocrx_word' id='word_1_93' title='bbox 397 2343 515 2429; x_wconf 77' lang='lat' dir='ltr'><strong>Rerum</strong></span> <span class='ocrx_word' id='word_1_94' title='bbox 534 2335 671 2405; x_wconf 61' lang='lat' dir='ltr'><strong>Natura</strong></span> <span class='ocrx_word' id='word_1_95' title='bbox 695 2338 819 2422; x_wconf 89' lang='lat' dir='ltr'><strong>libros,</strong></span> <span class='ocrx_word' id='word_1_96' title='bbox 842 2335 1042 2433; x_wconf 89' lang='lat' dir='ltr'><strong>eosdemque</strong></span> 
     </span>
     <span class='ocr_line' id='line_1_19' title="bbox 323 2428 1042 2529; baseline 0.006 -28"><span class='ocrx_word' id='word_1_97' title='bbox 323 2428 444 2516; x_wconf 72' lang='lat' dir='ltr'><strong>seduli)</strong></span> <span class='ocrx_word' id='word_1_98' title='bbox 464 2433 658 2529; x_wconf 88' lang='lat' dir='ltr'><strong>recognitos</strong></span> <span class='ocrx_word' id='word_1_99' title='bbox 674 2483 684 2514; x_wconf 89' lang='lat'>‚</span> <span class='ocrx_word' id='word_1_100' title='bbox 703 2435 892 2514; x_wconf 85' lang='lat' dir='ltr'><strong>industriam</strong></span> <span class='ocrx_word' id='word_1_101' title='bbox 909 2459 1042 2526; x_wconf 86' lang='lat' dir='ltr'><strong>omnem</strong></span> 
     </span>
     <span class='ocr_line' id='line_1_20' title="bbox 326 2525 1042 2700; baseline -0.001 -99"><span class='ocrx_word' id='word_1_102' title='bbox 326 2525 481 2602; x_wconf 76' lang='lat' dir='ltr'><strong>conferre</strong></span> <span class='ocrx_word' id='word_1_103' title='bbox 504 2555 573 2602; x_wconf 93' lang='lat' dir='ltr'><strong>non</strong></span> <span class='ocrx_word' id='word_1_104' title='bbox 606 2528 832 2602; x_wconf 84' lang='lat' dir='ltr'><strong>dubitavimus</strong></span> <span class='ocrx_word' id='word_1_105' title='bbox 845 2581 856 2613; x_wconf 87' lang='lat'><em>,</em></span> <span class='ocrx_word' id='word_1_106' title='bbox 881 2533 944 2601; x_wconf 87' lang='lat' dir='ltr'><strong>rati</strong></span> <span class='ocrx_word' id='word_1_107' title='bbox 964 2530 1042 2700; x_wconf 84' lang='lat' dir='ltr'><strong>Epi·</strong></span> 
     </span>
    </p>
   </div>
   <div class='ocr_carea' id='block_1_4' title="bbox 322 2614 1042 3020">
    <p class='ocr_par' dir='ltr' id='par_1_4' title="bbox 322 2614 1042 3020">
     <span class='ocr_line' id='line_1_21' title="bbox 324 2614 1040 2725; baseline 0.007 -29"><span class='ocrx_word' id='word_1_108' title='bbox 324 2625 401 2696; x_wconf 88' lang='lat' dir='ltr'><strong>curi</strong></span> <span class='ocrx_word' id='word_1_109' title='bbox 427 2625 612 2698; x_wconf 68' lang='lat' dir='ltr'><strong>dotirinam</strong></span> <span class='ocrx_word' id='word_1_110' title='bbox 637 2627 834 2725; x_wconf 89' lang='lat' dir='ltr'><strong>jampridem</strong></span> <span class='ocrx_word' id='word_1_111' title='bbox 850 2618 990 2699; x_wconf 44' lang='lat' dir='ltr'><strong>ita&#39;obso</strong></span> <span class='ocrx_word' id='word_1_112' title='bbox 1006 2614 1040 2701; x_wconf 68' lang='lat' dir='ltr'><strong>e-</strong></span> 
     </span>
     <span class='ocr_line' id='line_1_22' title="bbox 324 2721 1042 2822; baseline 0.001 -25"><span class='ocrx_word' id='word_1_113' title='bbox 324 2721 428 2807; x_wconf 80' lang='lat' dir='ltr'><strong>viffe,</strong></span> <span class='ocrx_word' id='word_1_114' title='bbox 450 2722 532 2794; x_wconf 89' lang='lat' dir='ltr'><strong>nihil</strong></span> <span class='ocrx_word' id='word_1_115' title='bbox 556 2747 593 2795; x_wconf 93' lang='lat' dir='ltr'><strong>ut</strong></span> <span class='ocrx_word' id='word_1_116' title='bbox 616 2722 694 2795; x_wconf 71' lang='lat' dir='ltr'><strong>inde</strong></span> <span class='ocrx_word' id='word_1_117' title='bbox 717 2724 855 2822; x_wconf 82' lang='lat' dir='ltr'><strong>periculi</strong></span> <span class='ocrx_word' id='word_1_118' title='bbox 872 2727 919 2796; x_wconf 87' lang='lat' dir='ltr'><strong>rei</strong></span> <span class='ocrx_word' id='word_1_119' title='bbox 941 2726 1042 2798; x_wconf 84' lang='lat' dir='ltr'><strong>Chri-</strong></span> 
     </span>
     <span class='ocr_line' id='line_1_23' title="bbox 324 2817 1040 2908; baseline 0.004 -17"><span class='ocrx_word' id='word_1_120' title='bbox 324 2817 436 2891; x_wconf 88' lang='lat' dir='ltr'><strong>stianae</strong></span> <span class='ocrx_word' id='word_1_121' title='bbox 450 2821 640 2906; x_wconf 62' lang='lat' dir='ltr'><strong>immineat&#39;3</strong></span> <span class='ocrx_word' id='word_1_122' title='bbox 656 2821 808 2896; x_wconf 88' lang='lat' dir='ltr'><strong>Lueretii</strong></span> <span class='ocrx_word' id='word_1_123' title='bbox 821 2823 899 2896; x_wconf 75' lang='lat' dir='ltr'><strong>vero</strong></span> <span class='ocrx_word' id='word_1_124' title='bbox 912 2819 1040 2908; x_wconf 76' lang='lat' dir='ltr'><strong>libror,</strong></span> 
     </span>
     <span class='ocr_line' id='line_1_24' title="bbox 322 2917 1041 3020; baseline 0.006 -33"><span class='ocrx_word' id='word_1_125' title='bbox 322 2918 384 3016; x_wconf 90' lang='lat' dir='ltr'><strong>qui</strong></span> <span class='ocrx_word' id='word_1_126' title='bbox 399 2943 518 3009; x_wconf 85' lang='lat' dir='ltr'><strong>arcana</strong></span> <span class='ocrx_word' id='word_1_127' title='bbox 541 2917 771 2994; x_wconf 88' lang='lat' dir='ltr'><strong>reconditioris</strong></span> <span class='ocrx_word' id='word_1_128' title='bbox 791 2919 937 3020; x_wconf 86' lang='lat' dir='ltr'>Phyficae</span> <span class='ocrx_word' id='word_1_129' title='bbox 958 2919 1041 3018; x_wconf 79' lang='lat' dir='ltr'><strong>piu.-</strong></span> 
     </span>
    </p>
   </div>
   <div class='ocr_carea' id='block_1_5' title="bbox 853 3041 909 3114">
    <p class='ocr_par' dir='ltr' id='par_1_5' title="bbox 853 3041 909 3114">
     <span class='ocr_line' id='line_1_25' title="bbox 853 3041 909 3114; baseline 0 0"><span class='ocrx_word' id='word_1_130' title='bbox 853 3041 909 3114; x_wconf 61' lang='lat'><strong>⁴¹3</strong></span> 
     </span>
    </p>
   </div>
   <div class='ocr_carea' id='block_1_6' title="bbox 0 0 1368 4217">
    <p class='ocr_par' dir='ltr' id='par_1_6' title="bbox 0 0 1368 4217">
     <span class='ocr_line' id='line_1_26' title="bbox 0 0 1368 4217; baseline 0 3"><span class='ocrx_word' id='word_1_131' title='bbox 0 0 1368 4217; x_wconf 95' lang='lat' dir='ltr'><strong> </strong></span> 
     </span>
    </p>
   </div>
  </div>
 </body>
</html>
