2725 4217
456 583 513 651 156
661 552 1014 633 TtLUCRETII

452 677 485 725 Et
493 670 573 736 jacere
581 669 711 722 humorem
721 668 856 719 conlebium
865 666 890 716 iu
903 678 1011 730 corpora
1026 669 1143 733 queque3

451 743 507 792 Nec
516 738 623 790 retinere
630 737 705 788 semel
715 739 859 786 conversum
871 733 940 784 unius
950 748 1054 793 amore,

451 812 485 860 nc
494 809 589 858 servare
599 805 642 857 sibi
654 821 734 854 curam
744 840 751 861 ,
763 818 904 868 certumque
914 801 1042 851 dolorem.

450 877 526 926 Ulcus
534 873 600 926 enim
612 871 734 929 vivescit,
744 874 767 920 ἃ
777 868 934 920 inveterascit
945 869 1054 925 alendo,

451 947 527 1007 Inque
535 941 587 992 dier
594 938 679 1006 gliscit
686 941 768 995 sartor,
780 951 962 1001 atqueerumna
970 933 1113 1001 gravescit,-

450 1009 476 1062 δί
486 1015 536 1059 non
545 1007 624 1074 prima
634 1004 707 1056 novis
718 1005 849 1055 conturbes
857 1004 961 1053 volnera
971 1001 1073 1067 plagis,

450 1074 640 1144 volgivagique
647 1089 724 1149 vagus
731 1075 828 1121 Venere
840 1072 895 1121 ante
904 1069 1014 1120 recentia
1024 1085 1115 1126 cutes,

449 1143 505 1198 Aut
513 1143 562 1195 alib
570 1141 645 1207 possin
652 1139 727 1191 animi
733 1140 860 1190 traducere
868 1153 961 1189 motus.

485 1296 540 1344 Nec
548 1292 651 1343 Venerit
659 1297 735 1351 fruciu
743 1301 809 1351 earet
818 1292 837 1342 is
847 1291 888 1356 q'ui
896 1291 961 1344 vitat
969 1290 1096 1342 amorem·

451 1363 497 1412 Sed
506 1358 603 1425 potius,
615 1364 729 1426 quaesunt
737 1360 784 1410 sine
793 1357 877 1422 prend,
888 1360 1019 1410 commoda
1027 1357 1113 1408 sumita

450 1428 516 1478 Nam
525 1443 592 1477 certa
601 1464 609 1485 ,
619 1432 642 1478 dr
650 1445 710 1492 puta
720 1427 753 1477 est
761 1427 822 1477 sanis
833 1427 910 1492 magis
918 1426 977 1477 inde
984 1427 1120 1489 voluptas,

451 1495 531 1556 Quam
540 1493 648 1555 miseris3
658 1494 749 1545 etenim
758 1493 871 1556 potiundi
880 1505 993 1559 tempore
1000 1491 1026 1543 in
1036 1492 1091 1558 ipso

453 1563 566 1612 fluduat
573 1561 673 1612 incertis
681 1560 804 1612 erroribus
812 1563 885 1613 ardor
893 1572 1016 1612 amantum
1026 1577 1035 1620 ς

449 1627 1164 1694 Necconstatquidprimia'moculiamanibusquefruatitdr·

447 1695 525 1756 Quod
537 1694 644 1758 petiere,
653 1701 768 1759 premunt
777 1699 854 1753 arde,
865 1695 1007 1760 sitiuntque
1016 1695 1133 1746 dolorem

449 1761 584 1824 Corporis,
593 1766 617 1812 dr
624 1761 709 1813 dentes
717 1762 827 1814 inlidunt
837 1766 896 1828 saepe
907 1761 1006 1814 labellis
1016 1799 1024 1821 ,

439 1829 588 1893 iOsculaque
598 1829 722 1896 adfigunt,
733 1831 789 1896 quia
798 1831 889 1882 nonest
897 1836 957 1895 pu'ra
966 1831 1104 1893 voluptaa'3

448 1898 482 1947 Et
489 1894 579 1946 stimuli
587 1897 697 1954 subsunt,
709 1898 873 1964 quiinstignnt
879 1896 966 1948 laidere
973 1896 1099 1962 idipsum,

449 1964 623 2030 Quodcunque
632 1965 682 2024 est,
694 1965 771 2017 rabies
780 1967 843 2017 unde
851 1964 900 2017 illae
909 1965 1019 2033 germina
1028 1967 1139 2031 ssirgunt.

447 2032 493 2082 Sed
502 2031 592 2082 leviter
599 2048 681 2097 poenaa
691 2033 784 2101 frangit
792 2036 874 2084 Venus
884 2033 948 2084 inter
958 2050 1086 2090 amorem,

446 2100 586 2164 Blandaque
595 2104 711 2151 refrenat
720 2103 814 2152 morsus
824 2101 923 2152 admista
933 2102 1061 2165 voluptas·

385 2175 387 2179 ’
445 2167 1064 2234 Namqueineospesest,undeestardorisorigo,

445 2233 573 2296 Restingui
582 2252 678 2299 quoque
687 2235 754 2299 posse
764 2237 793 2286 ab
802 2235 890 2287 eodem
903 2250 1010 2299 corpore
1020 2232 1156 2286 flammanti

445 2303 522 2363 Quod
532 2300 584 2351 fieri
592 2304 678 2352 contri
686 2319 768 2353 coram
777 2320 861 2354 natura
868 2317 1005 2370 repugnat

443 2372 543 2433 Unaque
552 2386 588 2419 res
597 2368 647 2418 haec
655 2370 703 2428 est,
715 2373 801 2430 quoius
809 2372 878 2436 quim
888 2371 969 2436 pluria
977 2370 1112 2428 habentus,

443 2439 505 2488 Tam
515 2436 593 2502 magia
601 2437 707 2487 ardescit
715 2437 768 2488 dira
776 2438 896 2503 cupedine
907 2441 998 2503 pedus.

443 2506 509 2555 Nam
519 2504 604 2561 cibun,
614 2519 687 2568 atque
697 2506 785 2555 humor
793 2505 908 2556 membris
918 2505 1053 2557 adsumitur
1062 2502 1143 2562 intua,

444 2574 504 2634 Qua
513 2569 627 2636 quoniam
636 2588 714 2621 certas
723 2571 822 2636 possunt
829 2573 938 2624 obsidere
946 2589 1045 2638 partes,

443 2641 500 2690 Hoc
510 2639 584 2690 facile
593 2640 704 2703 expletur
714 2638 833 2699 laticum,
843 2644 988 2706 frugumque
998 2639 1109 2704 cupido:

438 2707 477 2760 Ex
487 2707 594 2757 hominia
603 2708 664 2758 verb
671 2705 748 2764 facie,
762 2709 913 2773 pulchroque
923 2710 1010 2759 colore
1020 2744 1028 2766 ,

441 2773 486 2821 Nil
497 2775 567 2825 datur
576 2774 601 2831 in
611 2792 701 2838 corpus
709 2784 794 2838 preter
802 2775 935 2827 simulacra
943 2777 1075 2826 fruendum

441 2839 548 2899 Tenuit,
559 2859 609 2906 que·
618 2858 694 2893 vento
704 2845 757 2905 spes
765 2860 845 2909 raptat
853 2847 911 2907 sape
921 2843 1026 2895 misella.

440 2910 473 2956 Ut
481 2906 562 2957 bibere
569 2908 596 2959 in
603 2908 693 2960 somnis
701 2910 782 2961 fitienc
793 2911 847 2962 ciam
857 2909 957 2977 querit,
966 2914 990 2961 dt
999 2911 1091 2961 humor

439 2973 1158 3049 Nondatur,ardoremiumembriaquistiaguereqoffit3
