<?xml version="1.0" encoding="UTF-8"?>
<!DOCTYPE html PUBLIC "-//W3C//DTD XHTML 1.0 Transitional//EN"
    "http://www.w3.org/TR/xhtml1/DTD/xhtml1-transitional.dtd">
<html xmlns="http://www.w3.org/1999/xhtml" xml:lang="en" lang="en">
 <head>
  <title>
</title>
<meta http-equiv="Content-Type" content="text/html;charset=utf-8" />
  <meta name='ocr-system' content='tesseract 3.04.00' />
  <meta name='ocr-capabilities' content='ocr_page ocr_carea ocr_par ocr_line ocrx_word'/>
</head>
<body>
  <div class='ocr_page' id='page_1' title='image "./titilucretiicar00miergoog_0233.png"; bbox 0 0 2725 4217; ppageno 0'>
   <div class='ocr_carea' id='block_1_1' title="bbox 437 565 1043 671">
    <p class='ocr_par' dir='ltr' id='par_1_1' title="bbox 437 565 1043 671">
     <span class='ocr_line' id='line_1_1' title="bbox 437 565 1043 671; baseline 0.005 -28"><span class='ocrx_word' id='word_1_1' title='bbox 437 567 600 643; x_wconf 76' lang='lat' dir='ltr'>arnan</span> <span class='ocrx_word' id='word_1_2' title='bbox 628 565 892 671; x_wconf 62' lang='lat' dir='ltr'>Quintius,</span> <span class='ocrx_word' id='word_1_3' title='bbox 989 586 1043 659; x_wconf 66' lang='grc' dir='ltr'>ης</span> 
     </span>
    </p>
   </div>
   <div class='ocr_carea' id='block_1_2' title="bbox 325 670 994 1217">
    <p class='ocr_par' dir='ltr' id='par_1_2' title="bbox 327 670 972 881">
     <span class='ocr_line' id='line_1_2' title="bbox 331 670 951 744; baseline 0 -13"><span class='ocrx_word' id='word_1_4' title='bbox 331 678 401 742; x_wconf 88' lang='lat' dir='ltr'>Quid</span> <span class='ocrx_word' id='word_1_5' title='bbox 409 670 494 744; x_wconf 76' lang='lat' dir='ltr'>po&#39;tuit</span> <span class='ocrx_word' id='word_1_6' title='bbox 503 677 623 730; x_wconf 87' lang='lat' dir='ltr'>novitatia</span> <span class='ocrx_word' id='word_1_7' title='bbox 630 693 739 728; x_wconf 85' lang='lat' dir='ltr'>amorem</span> <span class='ocrx_word' id='word_1_8' title='bbox 749 679 882 731; x_wconf 79' lang='lat' dir='ltr'>accendere</span> <span class='ocrx_word' id='word_1_9' title='bbox 890 678 951 731; x_wconf 68' lang='lat' dir='ltr'>tali?</span> 
     </span>
     <span class='ocr_line' id='line_1_3' title="bbox 328 744 972 810; baseline 0 -12"><span class='ocrx_word' id='word_1_10' title='bbox 328 749 387 806; x_wconf 83' lang='lat' dir='ltr'>An,</span> <span class='ocrx_word' id='word_1_11' title='bbox 398 749 489 805; x_wconf 88' lang='lat' dir='ltr'>credo,</span> <span class='ocrx_word' id='word_1_12' title='bbox 499 747 525 796; x_wconf 90' lang='lat' dir='ltr'>in</span> <span class='ocrx_word' id='word_1_13' title='bbox 532 744 640 797; x_wconf 84' lang='lat' dir='ltr'>tenebris</span> <span class='ocrx_word' id='word_1_14' title='bbox 648 744 701 795; x_wconf 87' lang='lat' dir='ltr'>vita</span> <span class='ocrx_word' id='word_1_15' title='bbox 710 762 737 795; x_wconf 86' lang='lat' dir='ltr'>ac</span> <span class='ocrx_word' id='word_1_16' title='bbox 746 762 851 797; x_wconf 83' lang='lat' dir='ltr'>moerore</span> <span class='ocrx_word' id='word_1_17' title='bbox 858 747 972 810; x_wconf 77' lang='lat' dir='ltr'>jacebat,</span> 
     </span>
     <span class='ocr_line' id='line_1_4' title="bbox 327 811 833 881; baseline -0.008 -16"><span class='ocrx_word' id='word_1_18' title='bbox 327 817 416 880; x_wconf 78' lang='lat' dir='ltr'>Donec</span> <span class='ocrx_word' id='word_1_19' title='bbox 425 813 516 866; x_wconf 84' lang='lat' dir='ltr'>diluxit</span> <span class='ocrx_word' id='word_1_20' title='bbox 524 831 605 881; x_wconf 81' lang='lat' dir='ltr'>rerum</span> <span class='ocrx_word' id='word_1_21' title='bbox 614 811 730 878; x_wconf 85' lang='lat' dir='ltr'>genitalia</span> <span class='ocrx_word' id='word_1_22' title='bbox 739 812 813 877; x_wconf 85' lang='lat' dir='ltr'>origo</span> <span class='ocrx_word' id='word_1_23' title='bbox 824 815 833 861; x_wconf 67' lang='grc' dir='ltr'><strong>ἓ</strong></span> 
     </span>
    </p>

    <p class='ocr_par' dir='ltr' id='par_1_3' title="bbox 328 878 886 944">
     <span class='ocr_line' id='line_1_5' title="bbox 328 878 886 944; baseline -0.004 -12"><span class='ocrx_word' id='word_1_24' title='bbox 328 883 429 944; x_wconf 86' lang='lat' dir='ltr'>Quidve</span> <span class='ocrx_word' id='word_1_25' title='bbox 437 882 495 932; x_wconf 85' lang='lat' dir='ltr'>maii</span> <span class='ocrx_word' id='word_1_26' title='bbox 503 885 582 933; x_wconf 83' lang='lat' dir='ltr'>fuerat</span> <span class='ocrx_word' id='word_1_27' title='bbox 589 879 662 931; x_wconf 84' lang='lat' dir='ltr'>nobis</span> <span class='ocrx_word' id='word_1_28' title='bbox 670 896 722 930; x_wconf 89' lang='lat' dir='ltr'>non</span> <span class='ocrx_word' id='word_1_29' title='bbox 729 878 775 929; x_wconf 81' lang='lat' dir='ltr'>csse</span> <span class='ocrx_word' id='word_1_30' title='bbox 785 879 886 930; x_wconf 74' lang='lat' dir='ltr'>creatis!</span> 
     </span>
    </p>

    <p class='ocr_par' dir='ltr' id='par_1_4' title="bbox 326 947 948 1014">
     <span class='ocr_line' id='line_1_6' title="bbox 326 947 948 1014; baseline -0.002 -15"><span class='ocrx_word' id='word_1_31' title='bbox 326 952 406 1000; x_wconf 82' lang='lat' dir='ltr'>Natus</span> <span class='ocrx_word' id='word_1_32' title='bbox 417 949 481 1000; x_wconf 89' lang='lat' dir='ltr'>enim</span> <span class='ocrx_word' id='word_1_33' title='bbox 491 950 565 1000; x_wconf 89' lang='lat' dir='ltr'>debet</span> <span class='ocrx_word' id='word_1_34' title='bbox 573 947 710 1014; x_wconf 86' lang='lat' dir='ltr'>quicunque</span> <span class='ocrx_word' id='word_1_35' title='bbox 717 947 764 1005; x_wconf 89' lang='lat' dir='ltr'>est,</span> <span class='ocrx_word' id='word_1_36' title='bbox 773 947 841 998; x_wconf 86' lang='lat' dir='ltr'>velle</span> <span class='ocrx_word' id='word_1_37' title='bbox 850 963 948 999; x_wconf 79' lang='lat' dir='ltr'>manere</span> 
     </span>
    </p>

    <p class='ocr_par' dir='ltr' id='par_1_5' title="bbox 326 1014 878 1080">
     <span class='ocr_line' id='line_1_7' title="bbox 326 1014 878 1080; baseline -0.005 -11"><span class='ocrx_word' id='word_1_38' title='bbox 326 1021 356 1069; x_wconf 90' lang='lat' dir='ltr'>ln</span> <span class='ocrx_word' id='word_1_39' title='bbox 363 1016 422 1074; x_wconf 73' lang='lat' dir='ltr'>vita,</span> <span class='ocrx_word' id='word_1_40' title='bbox 440 1019 519 1068; x_wconf 85' lang='lat' dir='ltr'>donec</span> <span class='ocrx_word' id='word_1_41' title='bbox 528 1016 647 1066; x_wconf 85' lang='lat' dir='ltr'>retinebit</span> <span class='ocrx_word' id='word_1_42' title='bbox 654 1015 742 1066; x_wconf 85' lang='lat' dir='ltr'>blanda</span> <span class='ocrx_word' id='word_1_43' title='bbox 751 1014 878 1080; x_wconf 80' lang='lat' dir='ltr'>voluptas.</span> 
     </span>
    </p>

    <p class='ocr_par' dir='ltr' id='par_1_6' title="bbox 327 1081 893 1150">
     <span class='ocr_line' id='line_1_8' title="bbox 327 1081 893 1150; baseline 0 -16"><span class='ocrx_word' id='word_1_44' title='bbox 327 1083 376 1145; x_wconf 84' lang='lat' dir='ltr'>Qui</span> <span class='ocrx_word' id='word_1_45' title='bbox 386 1100 507 1150; x_wconf 83' lang='lat' dir='ltr'>nunquam</span> <span class='ocrx_word' id='word_1_46' title='bbox 515 1086 576 1135; x_wconf 72' lang='lat' dir='ltr'>veri)</span> <span class='ocrx_word' id='word_1_47' title='bbox 586 1084 642 1134; x_wconf 80' lang='lat' dir='ltr'>vitae</span> <span class='ocrx_word' id='word_1_48' title='bbox 650 1081 758 1148; x_wconf 84' lang='lat' dir='ltr'>gustavit</span> <span class='ocrx_word' id='word_1_49' title='bbox 767 1099 874 1134; x_wconf 90' lang='lat' dir='ltr'>amorem</span> <span class='ocrx_word' id='word_1_50' title='bbox 885 1119 893 1142; x_wconf 90' lang='lat'>‚</span> 
     </span>
    </p>

    <p class='ocr_par' dir='ltr' id='par_1_7' title="bbox 325 1149 994 1217">
     <span class='ocr_line' id='line_1_9' title="bbox 325 1149 994 1217; baseline -0.001 -14"><span class='ocrx_word' id='word_1_51' title='bbox 325 1153 380 1203; x_wconf 88' lang='lat' dir='ltr'>Nec</span> <span class='ocrx_word' id='word_1_52' title='bbox 389 1152 438 1210; x_wconf 85' lang='lat' dir='ltr'>suit</span> <span class='ocrx_word' id='word_1_53' title='bbox 446 1153 472 1201; x_wconf 92' lang='lat' dir='ltr'>in</span> <span class='ocrx_word' id='word_1_54' title='bbox 480 1168 593 1210; x_wconf 86' lang='lat' dir='ltr'>numero,</span> <span class='ocrx_word' id='word_1_55' title='bbox 609 1150 668 1217; x_wconf 88' lang='lat' dir='ltr'>quid</span> <span class='ocrx_word' id='word_1_56' title='bbox 678 1149 745 1201; x_wconf 89' lang='lat' dir='ltr'>obest</span> <span class='ocrx_word' id='word_1_57' title='bbox 753 1164 804 1198; x_wconf 87' lang='lat' dir='ltr'>non</span> <span class='ocrx_word' id='word_1_58' title='bbox 813 1151 860 1202; x_wconf 85' lang='lat' dir='ltr'>effe</span> <span class='ocrx_word' id='word_1_59' title='bbox 870 1155 994 1202; x_wconf 71' lang='lat' dir='ltr'>creatum?</span> 
     </span>
    </p>
   </div>
   <div class='ocr_carea' id='block_1_3' title="bbox 317 1277 1022 2218">
    <p class='ocr_par' dir='ltr' id='par_1_8' title="bbox 321 1277 1022 1683">
     <span class='ocr_line' id='line_1_10' title="bbox 358 1277 999 1347; baseline 0 -20"><span class='ocrx_word' id='word_1_60' title='bbox 358 1279 503 1343; x_wconf 81' lang='lat' dir='ltr'>Exemplum</span> <span class='ocrx_word' id='word_1_61' title='bbox 510 1283 587 1344; x_wconf 73' lang='lat' dir='ltr'>porri)</span> <span class='ocrx_word' id='word_1_62' title='bbox 597 1280 730 1347; x_wconf 81' lang='lat' dir='ltr'>gignundis</span> <span class='ocrx_word' id='word_1_63' title='bbox 739 1281 824 1338; x_wconf 74' lang='lat' dir='ltr'>rebus,</span> <span class='ocrx_word' id='word_1_64' title='bbox 835 1277 918 1342; x_wconf 80' lang='lat' dir='ltr'>&amp;ipsa</span> <span class='ocrx_word' id='word_1_65' title='bbox 997 1302 999 1307; x_wconf 39' lang='lat' dir='ltr'>v</span> 
     </span>
     <span class='ocr_line' id='line_1_11' title="bbox 322 1345 955 1412; baseline -0.003 -15"><span class='ocrx_word' id='word_1_66' title='bbox 322 1345 439 1398; x_wconf 79' lang='lat' dir='ltr'>Notitiet</span> <span class='ocrx_word' id='word_1_67' title='bbox 447 1347 589 1406; x_wconf 86' lang='lat' dir='ltr'>hominum,</span> <span class='ocrx_word' id='word_1_68' title='bbox 599 1347 672 1400; x_wconf 84' lang='lat' dir='ltr'>Divis</span> <span class='ocrx_word' id='word_1_69' title='bbox 682 1350 746 1400; x_wconf 87' lang='lat' dir='ltr'>unde</span> <span class='ocrx_word' id='word_1_70' title='bbox 755 1348 824 1401; x_wconf 74' lang='lat' dir='ltr'>insita</span> <span class='ocrx_word' id='word_1_71' title='bbox 833 1345 955 1412; x_wconf 74' lang='lat' dir='ltr'>primum,</span> 
     </span>
     <span class='ocr_line' id='line_1_12' title="bbox 325 1412 1022 1480; baseline 0.001 -16"><span class='ocrx_word' id='word_1_72' title='bbox 325 1412 394 1477; x_wconf 89' lang='lat' dir='ltr'>Quid</span> <span class='ocrx_word' id='word_1_73' title='bbox 403 1414 499 1466; x_wconf 88' lang='lat' dir='ltr'>vellent</span> <span class='ocrx_word' id='word_1_74' title='bbox 507 1419 586 1467; x_wconf 85' lang='lat' dir='ltr'>facere</span> <span class='ocrx_word' id='word_1_75' title='bbox 594 1432 622 1467; x_wconf 92' lang='lat' dir='ltr'>ut</span> <span class='ocrx_word' id='word_1_76' title='bbox 630 1416 736 1476; x_wconf 90' lang='lat' dir='ltr'>scirent,</span> <span class='ocrx_word' id='word_1_77' title='bbox 748 1417 879 1480; x_wconf 83' lang='lat' dir='ltr'>animoque</span> <span class='ocrx_word' id='word_1_78' title='bbox 891 1414 1022 1465; x_wconf 75' lang='lat' dir='ltr'>viderent?</span> 
     </span>
     <span class='ocr_line' id='line_1_13' title="bbox 324 1481 1021 1550; baseline -0.001 -19"><span class='ocrx_word' id='word_1_79' title='bbox 324 1482 416 1542; x_wconf 87' lang='lat' dir='ltr'>Quove</span> <span class='ocrx_word' id='word_1_80' title='bbox 428 1485 505 1546; x_wconf 85' lang='lat' dir='ltr'>modo¹</span> <span class='ocrx_word' id='word_1_81' title='bbox 515 1484 547 1533; x_wconf 84' lang='lat' dir='ltr'>est</span> <span class='ocrx_word' id='word_1_82' title='bbox 555 1499 658 1548; x_wconf 85' lang='lat' dir='ltr'>unquam</span> <span class='ocrx_word' id='word_1_83' title='bbox 666 1483 704 1544; x_wconf 81' lang='lat' dir='ltr'>vis</span> <span class='ocrx_word' id='word_1_84' title='bbox 712 1483 814 1550; x_wconf 83' lang='lat' dir='ltr'>cognita</span> <span class='ocrx_word' id='word_1_85' title='bbox 823 1481 1021 1548; x_wconf 86' lang='lat' dir='ltr'>principiorum,</span> 
     </span>
     <span class='ocr_line' id='line_1_14' title="bbox 324 1546 1014 1616; baseline 0.003 -20"><span class='ocrx_word' id='word_1_86' title='bbox 324 1546 448 1611; x_wconf 83' lang='lat' dir='ltr'>Quidnam</span> <span class='ocrx_word' id='word_1_87' title='bbox 457 1548 578 1601; x_wconf 88' lang='lat' dir='ltr'>intersese</span> <span class='ocrx_word' id='word_1_88' title='bbox 587 1567 727 1616; x_wconf 75' lang='lat' dir='ltr'>permutato</span> <span class='ocrx_word' id='word_1_89' title='bbox 737 1549 947 1615; x_wconf 81' lang='lat' dir='ltr'>ordineposs&#39;ent,</span> <span class='ocrx_word' id='word_1_90' title='bbox 1011 1601 1014 1606; x_wconf 61' lang='grc'><strong>,</strong></span> 
     </span>
     <span class='ocr_line' id='line_1_15' title="bbox 321 1613 895 1683; baseline 0.003 -19"><span class='ocrx_word' id='word_1_91' title='bbox 321 1614 345 1664; x_wconf 87' lang='lat' dir='ltr'>si</span> <span class='ocrx_word' id='word_1_92' title='bbox 354 1629 405 1665; x_wconf 87' lang='lat' dir='ltr'>non</span> <span class='ocrx_word' id='word_1_93' title='bbox 414 1613 463 1680; x_wconf 84' lang='lat' dir='ltr'>ipsa</span> <span class='ocrx_word' id='word_1_94' title='bbox 473 1617 543 1668; x_wconf 86' lang='lat' dir='ltr'>dedit</span> <span class='ocrx_word' id='word_1_95' title='bbox 551 1618 672 1683; x_wconf 86' lang='lat' dir='ltr'>specimen</span> <span class='ocrx_word' id='word_1_96' title='bbox 679 1621 773 1670; x_wconf 81' lang='lat' dir='ltr'>Natura</span> <span class='ocrx_word' id='word_1_97' title='bbox 782 1617 895 1670; x_wconf 69' lang='lat' dir='ltr'>creandi?</span> 
     </span>
    </p>

    <p class='ocr_par' dir='ltr' id='par_1_9' title="bbox 321 1683 981 2019">
     <span class='ocr_line' id='line_1_16' title="bbox 322 1683 981 1751; baseline 0.008 -20"><span class='ocrx_word' id='word_1_98' title='bbox 322 1683 434 1748; x_wconf 79' lang='lat' dir='ltr'>Namque</span> <span class='ocrx_word' id='word_1_99' title='bbox 444 1683 478 1734; x_wconf 77' lang='lat' dir='ltr'>ita</span> <span class='ocrx_word' id='word_1_100' title='bbox 488 1687 566 1737; x_wconf 80' lang='lat' dir='ltr'>multa</span> <span class='ocrx_word' id='word_1_101' title='bbox 572 1685 654 1737; x_wconf 86' lang='lat' dir='ltr'>modis</span> <span class='ocrx_word' id='word_1_102' title='bbox 663 1686 749 1737; x_wconf 87' lang='lat' dir='ltr'>multis</span> <span class='ocrx_word' id='word_1_103' title='bbox 755 1684 892 1751; x_wconf 86' lang='lat' dir='ltr'>primordia</span> <span class='ocrx_word' id='word_1_104' title='bbox 900 1701 981 1736; x_wconf 86' lang='lat' dir='ltr'>rerum</span> 
     </span>
     <span class='ocr_line' id='line_1_17' title="bbox 322 1748 844 1822; baseline 0.011 -23"><span class='ocrx_word' id='word_1_105' title='bbox 322 1748 844 1822; x_wconf 79' lang='lat' dir='ltr'>Exinfinitojanatemporepercitaplagis,</span> 
     </span>
     <span class='ocr_line' id='line_1_18' title="bbox 322 1816 927 1886; baseline 0.007 -20"><span class='ocrx_word' id='word_1_106' title='bbox 322 1816 519 1886; x_wconf 83' lang='lat' dir='ltr'>Ponderibusque</span> <span class='ocrx_word' id='word_1_107' title='bbox 528 1820 578 1882; x_wconf 77' lang='lat' dir='ltr'>suia</span> <span class='ocrx_word' id='word_1_108' title='bbox 585 1822 732 1874; x_wconf 69' lang='lat' dir='ltr'>consuerunt</span> <span class='ocrx_word' id='word_1_109' title='bbox 742 1821 840 1873; x_wconf 88' lang='lat' dir='ltr'>concita</span> <span class='ocrx_word' id='word_1_110' title='bbox 851 1818 909 1871; x_wconf 84' lang='lat' dir='ltr'>ferri</span> <span class='ocrx_word' id='word_1_111' title='bbox 919 1854 927 1877; x_wconf 89' lang='lat'>‚</span> 
     </span>
     <span class='ocr_line' id='line_1_19' title="bbox 323 1883 952 1964; baseline 0.002 -29"><span class='ocrx_word' id='word_1_112' title='bbox 323 1883 525 1964; x_wconf 71' lang='lat' dir='ltr'>omnimodisque</span> <span class='ocrx_word' id='word_1_113' title='bbox 533 1888 615 1948; x_wconf 84' lang='lat' dir='ltr'>coire,</span> <span class='ocrx_word' id='word_1_114' title='bbox 627 1906 699 1954; x_wconf 82' lang='lat' dir='ltr'>atque</span> <span class='ocrx_word' id='word_1_115' title='bbox 709 1889 791 1939; x_wconf 88' lang='lat' dir='ltr'>omnia</span> <span class='ocrx_word' id='word_1_116' title='bbox 799 1903 952 1955; x_wconf 77' lang='lat' dir='ltr'>pertentare,</span> 
     </span>
     <span class='ocr_line' id='line_1_20' title="bbox 321 1954 917 2019; baseline -0.002 -16"><span class='ocrx_word' id='word_1_117' title='bbox 321 1954 476 2016; x_wconf 66' lang='lat' dir='ltr'>Quacunque</span> <span class='ocrx_word' id='word_1_118' title='bbox 484 1970 548 2003; x_wconf 81' lang='lat' dir='ltr'>inter</span> <span class='ocrx_word' id='word_1_119' title='bbox 557 1956 580 2004; x_wconf 86' lang='lat' dir='ltr'>se</span> <span class='ocrx_word' id='word_1_120' title='bbox 589 1957 679 2019; x_wconf 82' lang='lat' dir='ltr'>poffint</span> <span class='ocrx_word' id='word_1_121' title='bbox 689 1954 813 2019; x_wconf 74' lang='lat' dir='ltr'>congressa</span> <span class='ocrx_word' id='word_1_122' title='bbox 821 1970 917 2009; x_wconf 86' lang='lat' dir='ltr'>creare,</span> 
     </span>
    </p>

    <p class='ocr_par' dir='ltr' id='par_1_10' title="bbox 317 2019 1008 2218">
     <span class='ocr_line' id='line_1_21' title="bbox 319 2019 858 2085; baseline -0.009 -14"><span class='ocrx_word' id='word_1_123' title='bbox 319 2024 351 2071; x_wconf 83' lang='lat' dir='ltr'>Ut</span> <span class='ocrx_word' id='word_1_124' title='bbox 357 2036 410 2068; x_wconf 91' lang='lat' dir='ltr'>non</span> <span class='ocrx_word' id='word_1_125' title='bbox 418 2021 448 2067; x_wconf 83' lang='lat' dir='ltr'>sit</span> <span class='ocrx_word' id='word_1_126' title='bbox 455 2019 559 2075; x_wconf 87' lang='lat' dir='ltr'>mirum,</span> <span class='ocrx_word' id='word_1_127' title='bbox 573 2023 590 2069; x_wconf 84' lang='lat' dir='ltr'>sr</span> <span class='ocrx_word' id='word_1_128' title='bbox 599 2020 625 2068; x_wconf 90' lang='lat' dir='ltr'>in</span> <span class='ocrx_word' id='word_1_129' title='bbox 632 2021 695 2069; x_wconf 70' lang='lat' dir='ltr'>tiles</span> <span class='ocrx_word' id='word_1_130' title='bbox 704 2020 858 2085; x_wconf 81' lang='lat' dir='ltr'>disppiituras</span> 
     </span>
     <span class='ocr_line' id='line_1_22' title="bbox 317 2083 956 2149; baseline -0.009 -14"><span class='ocrx_word' id='word_1_131' title='bbox 317 2083 476 2135; x_wconf 87' lang='lat' dir='ltr'>Deciderunt</span> <span class='ocrx_word' id='word_1_132' title='bbox 484 2102 596 2149; x_wconf 87' lang='lat' dir='ltr'>quoque,</span> <span class='ocrx_word' id='word_1_133' title='bbox 607 2090 630 2135; x_wconf 77' lang='grc' dir='ltr'><strong>ἃ</strong></span> <span class='ocrx_word' id='word_1_134' title='bbox 642 2085 738 2134; x_wconf 80' lang='lat' dir='ltr'>inteles</span> <span class='ocrx_word' id='word_1_135' title='bbox 750 2083 840 2133; x_wconf 68' lang='lat' dir='ltr'>venere</span> <span class='ocrx_word' id='word_1_136' title='bbox 849 2096 956 2137; x_wconf 81' lang='lat' dir='ltr'>meatus,</span> 
     </span>
     <span class='ocr_line' id='line_1_23' title="bbox 318 2147 1008 2218; baseline -0.009 -15"><span class='ocrx_word' id='word_1_137' title='bbox 318 2151 441 2215; x_wconf 75' lang='lat' dir='ltr'>Qualibus</span> <span class='ocrx_word' id='word_1_138' title='bbox 450 2151 500 2202; x_wconf 84' lang='lat' dir='ltr'>haec</span> <span class='ocrx_word' id='word_1_139' title='bbox 510 2167 590 2202; x_wconf 87' lang='lat' dir='ltr'>rerum</span> <span class='ocrx_word' id='word_1_140' title='bbox 599 2150 699 2218; x_wconf 88' lang='lat' dir='ltr'>genitur</span> <span class='ocrx_word' id='word_1_141' title='bbox 707 2167 770 2200; x_wconf 88' lang='lat' dir='ltr'>nunc</span> <span class='ocrx_word' id='word_1_142' title='bbox 778 2154 874 2212; x_wconf 74' lang='lat' dir='ltr'>Summa</span> <span class='ocrx_word' id='word_1_143' title='bbox 881 2147 1008 2197; x_wconf 85' lang='lat' dir='ltr'>novando.</span> 
     </span>
    </p>
   </div>
   <div class='ocr_carea' id='block_1_4' title="bbox 315 2275 1000 2617">
    <p class='ocr_par' dir='ltr' id='par_1_11' title="bbox 315 2275 1000 2617">
     <span class='ocr_line' id='line_1_24' title="bbox 352 2275 1000 2346; baseline -0.015 -11"><span class='ocrx_word' id='word_1_144' title='bbox 352 2281 429 2346; x_wconf 68' lang='lat' dir='ltr'>Qube</span> <span class='ocrx_word' id='word_1_145' title='bbox 439 2282 512 2343; x_wconf 81' lang='lat' dir='ltr'>fijam</span> <span class='ocrx_word' id='word_1_146' title='bbox 522 2295 601 2331; x_wconf 87' lang='lat' dir='ltr'>rerum</span> <span class='ocrx_word' id='word_1_147' title='bbox 610 2275 724 2344; x_wconf 81' lang='lat' dir='ltr'>ignorem</span> <span class='ocrx_word' id='word_1_148' title='bbox 732 2277 871 2345; x_wconf 85' lang='lat' dir='ltr'>primordia</span> <span class='ocrx_word' id='word_1_149' title='bbox 880 2292 931 2344; x_wconf 80' lang='lat' dir='ltr'>quae</span> <span class='ocrx_word' id='word_1_150' title='bbox 938 2275 1000 2333; x_wconf 85' lang='lat' dir='ltr'>fine,</span> 
     </span>
     <span class='ocr_line' id='line_1_25' title="bbox 318 2345 873 2412; baseline -0.011 -10"><span class='ocrx_word' id='word_1_151' title='bbox 318 2351 376 2402; x_wconf 81' lang='lat' dir='ltr'>Hoc</span> <span class='ocrx_word' id='word_1_152' title='bbox 385 2365 469 2400; x_wconf 85' lang='lat' dir='ltr'>tamen</span> <span class='ocrx_word' id='word_1_153' title='bbox 479 2365 507 2399; x_wconf 85' lang='lat' dir='ltr'>ex</span> <span class='ocrx_word' id='word_1_154' title='bbox 517 2346 572 2412; x_wconf 84' lang='lat' dir='ltr'>ipsa</span> <span class='ocrx_word' id='word_1_155' title='bbox 582 2345 647 2400; x_wconf 84' lang='lat' dir='ltr'>Coeli</span> <span class='ocrx_word' id='word_1_156' title='bbox 656 2346 793 2399; x_wconf 79' lang='lat' dir='ltr'>rationibus</span> <span class='ocrx_word' id='word_1_157' title='bbox 801 2348 873 2399; x_wconf 79' lang='lat' dir='ltr'>aufim</span> 
     </span>
     <span class='ocr_line' id='line_1_26' title="bbox 316 2412 941 2480; baseline -0.013 -9"><span class='ocrx_word' id='word_1_158' title='bbox 316 2418 486 2477; x_wconf 76' lang='lat' dir='ltr'>confirmare,</span> <span class='ocrx_word' id='word_1_159' title='bbox 496 2414 597 2480; x_wconf 86' lang='lat' dir='ltr'>aliisque</span> <span class='ocrx_word' id='word_1_160' title='bbox 607 2432 636 2465; x_wconf 82' lang='lat' dir='ltr'>ex</span> <span class='ocrx_word' id='word_1_161' title='bbox 645 2416 716 2465; x_wconf 82' lang='lat' dir='ltr'>rebus</span> <span class='ocrx_word' id='word_1_162' title='bbox 726 2417 828 2467; x_wconf 86' lang='lat' dir='ltr'>reddere</span> <span class='ocrx_word' id='word_1_163' title='bbox 837 2412 922 2465; x_wconf 74' lang='lat' dir='ltr'>multis</span> <span class='ocrx_word' id='word_1_164' title='bbox 932 2447 941 2471; x_wconf 83' lang='lat'>,</span> 
     </span>
     <span class='ocr_line' id='line_1_27' title="bbox 316 2480 856 2552; baseline -0.007 -16"><span class='ocrx_word' id='word_1_165' title='bbox 316 2487 476 2552; x_wconf 80' lang='lat' dir='ltr'>Nequaquam</span> <span class='ocrx_word' id='word_1_166' title='bbox 486 2482 557 2535; x_wconf 85' lang='lat' dir='ltr'>nobis</span> <span class='ocrx_word' id='word_1_167' title='bbox 566 2480 686 2533; x_wconf 72' lang='lat' dir='ltr'>divinitis</span> <span class='ocrx_word' id='word_1_168' title='bbox 694 2482 741 2537; x_wconf 84' lang='lat' dir='ltr'>esse</span> <span class='ocrx_word' id='word_1_169' title='bbox 749 2501 856 2548; x_wconf 83' lang='lat' dir='ltr'>paratam</span> 
     </span>
     <span class='ocr_line' id='line_1_28' title="bbox 315 2550 872 2617; baseline -0.005 -11"><span class='ocrx_word' id='word_1_170' title='bbox 315 2555 437 2606; x_wconf 76' lang='lat' dir='ltr'>Naturam</span> <span class='ocrx_word' id='word_1_171' title='bbox 447 2568 543 2612; x_wconf 85' lang='lat' dir='ltr'>rerum3</span> <span class='ocrx_word' id='word_1_172' title='bbox 553 2551 620 2602; x_wconf 73' lang='lat' dir='ltr'>tamti</span> <span class='ocrx_word' id='word_1_173' title='bbox 627 2550 672 2601; x_wconf 88' lang='lat' dir='ltr'>stat</span> <span class='ocrx_word' id='word_1_174' title='bbox 679 2551 781 2615; x_wconf 75' lang='lat' dir='ltr'>predita</span> <span class='ocrx_word' id='word_1_175' title='bbox 790 2551 872 2617; x_wconf 71' lang='lat' dir='ltr'>culpi.</span> 
     </span>
    </p>
   </div>
   <div class='ocr_carea' id='block_1_5' title="bbox 313 2655 1013 3119">
    <p class='ocr_par' dir='ltr' id='par_1_12' title="bbox 314 2655 987 2861">
     <span class='ocr_line' id='line_1_29' title="bbox 349 2655 987 2727; baseline -0.008 -18"><span class='ocrx_word' id='word_1_176' title='bbox 349 2657 491 2721; x_wconf 75' lang='lat' dir='ltr'>Principii),</span> <span class='ocrx_word' id='word_1_177' title='bbox 500 2659 617 2724; x_wconf 69' lang='lat' dir='ltr'>quantum</span> <span class='ocrx_word' id='word_1_178' title='bbox 626 2658 690 2712; x_wconf 82' lang='lat' dir='ltr'>Coeli</span> <span class='ocrx_word' id='word_1_179' title='bbox 698 2661 762 2727; x_wconf 84' lang='lat' dir='ltr'>tegit</span> <span class='ocrx_word' id='word_1_180' title='bbox 771 2660 876 2724; x_wconf 71' lang='lat' dir='ltr'>impetui</span> <span class='ocrx_word' id='word_1_181' title='bbox 886 2655 987 2721; x_wconf 80' lang='lat' dir='ltr'>ingens,</span> 
     </span>
     <span class='ocr_line' id='line_1_30' title="bbox 315 2725 948 2795; baseline -0.002 -18"><span class='ocrx_word' id='word_1_182' title='bbox 315 2725 377 2777; x_wconf 75' lang='lat' dir='ltr'>rade</span> <span class='ocrx_word' id='word_1_183' title='bbox 386 2725 482 2776; x_wconf 82' lang='lat' dir='ltr'>avidam</span> <span class='ocrx_word' id='word_1_184' title='bbox 493 2743 587 2790; x_wconf 84' lang='lat' dir='ltr'>partem</span> <span class='ocrx_word' id='word_1_185' title='bbox 595 2743 706 2784; x_wconf 77' lang='lat' dir='ltr'>montes,</span> <span class='ocrx_word' id='word_1_186' title='bbox 716 2730 835 2795; x_wconf 81' lang='lat' dir='ltr'>sylvaeque</span> <span class='ocrx_word' id='word_1_187' title='bbox 844 2730 948 2776; x_wconf 81' lang='lat' dir='ltr'>ferarum</span> 
     </span>
     <span class='ocr_line' id='line_1_31' title="bbox 314 2792 900 2861; baseline -0.002 -17"><span class='ocrx_word' id='word_1_188' title='bbox 314 2792 461 2852; x_wconf 67' lang='lat' dir='ltr'>Poffedere,</span> <span class='ocrx_word' id='word_1_189' title='bbox 471 2808 557 2845; x_wconf 84' lang='lat' dir='ltr'>tenent</span> <span class='ocrx_word' id='word_1_190' title='bbox 566 2812 650 2861; x_wconf 84' lang='lat' dir='ltr'>rupes,</span> <span class='ocrx_word' id='word_1_191' title='bbox 661 2795 777 2861; x_wconf 76' lang='lat' dir='ltr'>vasteque</span> <span class='ocrx_word' id='word_1_192' title='bbox 784 2796 900 2860; x_wconf 75' lang='lat' dir='ltr'>paludes,</span> 
     </span>
    </p>

    <p class='ocr_par' dir='ltr' id='par_1_13' title="bbox 313 2862 1013 3119">
     <span class='ocr_line' id='line_1_32' title="bbox 314 2862 879 2927; baseline 0.002 -17"><span class='ocrx_word' id='word_1_193' title='bbox 314 2862 347 2910; x_wconf 79' lang='lat' dir='ltr'>Et</span> <span class='ocrx_word' id='word_1_194' title='bbox 354 2876 434 2920; x_wconf 86' lang='lat' dir='ltr'>mare,</span> <span class='ocrx_word' id='word_1_195' title='bbox 445 2863 512 2927; x_wconf 87' lang='lat' dir='ltr'>quod</span> <span class='ocrx_word' id='word_1_196' title='bbox 521 2862 570 2913; x_wconf 75' lang='lat' dir='ltr'>late</span> <span class='ocrx_word' id='word_1_197' title='bbox 578 2879 697 2914; x_wconf 84' lang='lat' dir='ltr'>terrarum</span> <span class='ocrx_word' id='word_1_198' title='bbox 706 2862 804 2914; x_wconf 84' lang='lat' dir='ltr'>distinet</span> <span class='ocrx_word' id='word_1_199' title='bbox 813 2879 879 2913; x_wconf 81' lang='lat' dir='ltr'>oras.</span> 
     </span>
     <span class='ocr_line' id='line_1_33' title="bbox 313 2928 1013 2995; baseline 0.004 -16"><span class='ocrx_word' id='word_1_200' title='bbox 313 2928 375 2979; x_wconf 67' lang='lat' dir='ltr'>lude</span> <span class='ocrx_word' id='word_1_201' title='bbox 387 2929 446 2995; x_wconf 83' lang='lat' dir='ltr'>duaa</span> <span class='ocrx_word' id='word_1_202' title='bbox 455 2931 531 2993; x_wconf 73' lang='lat' dir='ltr'>porri)</span> <span class='ocrx_word' id='word_1_203' title='bbox 540 2946 618 2994; x_wconf 86' lang='lat' dir='ltr'>prope</span> <span class='ocrx_word' id='word_1_204' title='bbox 627 2946 708 2995; x_wconf 78' lang='lat' dir='ltr'>parret</span> <span class='ocrx_word' id='word_1_205' title='bbox 715 2930 825 2982; x_wconf 72' lang='lat' dir='ltr'>fervidus</span> <span class='ocrx_word' id='word_1_206' title='bbox 834 2929 920 2991; x_wconf 83' lang='lat' dir='ltr'>ardor,</span> <span class='ocrx_word' id='word_1_207' title='bbox 944 2932 948 2936; x_wconf 62' lang='grc'>“</span> <span class='ocrx_word' id='word_1_208' title='bbox 1006 2954 1013 2970; x_wconf 84' lang='grc'><em>·</em></span> 
     </span>
     <span class='ocr_line' id='line_1_34' title="bbox 313 2993 896 3119; baseline 0.014 -72"><span class='ocrx_word' id='word_1_209' title='bbox 313 2993 474 3066; x_wconf 77' lang='lat' dir='ltr'>Affidausque</span> <span class='ocrx_word' id='word_1_210' title='bbox 482 2996 534 3066; x_wconf 78' lang='lat' dir='ltr'>geli</span> <span class='ocrx_word' id='word_1_211' title='bbox 544 2999 612 3053; x_wconf 77' lang='lat' dir='ltr'>casui</span> <span class='ocrx_word' id='word_1_212' title='bbox 620 2998 765 3054; x_wconf 76' lang='lat' dir='ltr'>mortalibus</span> <span class='ocrx_word' id='word_1_213' title='bbox 777 3003 896 3119; x_wconf 55' lang='lat' dir='ltr'>aufem?</span> 
     </span>
    </p>
   </div>
   <div class='ocr_carea' id='block_1_6' title="bbox 0 0 1368 4217">
    <p class='ocr_par' dir='ltr' id='par_1_14' title="bbox 0 0 1368 4217">
     <span class='ocr_line' id='line_1_35' title="bbox 0 0 1368 4217; baseline 0 6"><span class='ocrx_word' id='word_1_214' title='bbox 0 0 1368 4217; x_wconf 95' lang='lat' dir='ltr'> </span> 
     </span>
    </p>
   </div>
  </div>
 </body>
</html>
