2725 4217
405 560 531 644 ‘res
553 564 739 642 T1M0'
763 563 895 643 autA.
945 571 1040 670 xxvij

321 704 392 752 nrm
404 709 514 771 genus,
528 690 603 751 unde
617 689 716 751 multae
729 704 838 770 magne
857 711 893 752 ue
905 689 1041 757 utilitates

324 768 362 841 nd
378 789 432 829 nos
445 766 661 847 permanirint,
679 765 820 829 Po'e'mata
830 713 909 838 limt,
926 778 979 834 &c
991 814 999 839 .
1009 812 1039 834 ..

324 846 385 917 At,
399 847 525 926 inquies,
543 846 693 909 Lucretius
709 845 874 909 animorum
891 848 1040 911 immorta-

323 926 438 989 litatem
468 943 644 1017 oppugnat,
675 924 809 991 Deorum
833 927 1039 1005 providentiam

326 1018 429 1087 negat,
444 1006 597 1086 religiones
608 1025 709 1066 omnes
723 1003 820 1074 tollit,
836 1003 979 1066 summum
988 1009 1043 1067 bo*

324 1104 397 1147 num
421 1084 452 1144 in
469 1085 616 1162 voluptate
635 1083 729 1161 ponit.
748 1082 803 1142 Sed
825 1083 886 1144 haec
903 1083 1040 1162 Epicuri,

319 1175 413 1241 quom
429 1158 553 1243 sequitur
566 1162 730 1231 Lucretius,
742 1177 802 1222 non
821 1163 946 1227 Lucretii
958 1164 1042 1240 culpa

327 1239 380 1304 est.
398 1238 510 1301 Po'e'ma
529 1241 644 1319 quidem
661 1239 770 1339 ipsum,
794 1258 910 1320 propter
929 1240 1043 1302 semein-

325 1319 382 1380 rias
397 1314 414 1377 d
432 1317 484 1378 reli
518 1340 574 1380 one
592 1316 687 1378 nostra
707 1317 833 1391 alienas,
855 1318 1043 1381 nihilominds

326 1395 438 1459 Po‘e'ma
460 1338 516 1456 eli·
528 1398 693 1458 Tantumne
711 1395 724 1457 i
751 1395 816 1457 Imb
839 1396 909 1461 verb
930 1398 1041 1467 Poe'ma

325 1475 492 1545 venustum,
501 1476 611 1541 Po‘e'ma
621 1475 808 1554 praeclarum,
822 1475 930 1539 Po'e'ma
942 1479 1043 1539 omnia·
1089 1489 1092 1496 '

326 1556 379 1621 bus
395 1554 507 1634 ingenii
537 1555 698 1637 luminibus
718 1553 903 1628 distinctum,
927 1556 1041 1641 insigni-

325 1650 413 1706 tum,
438 1650 521 1711 atque
541 1632 727 1703 illustram,
744 1639 860 1699 &Cum
887 1683 892 1690 ·

366 1790 407 1852 At
431 1790 568 1869 Epicurus
591 1797 619 1850 &
639 1788 787 1859 Lucretius
808 1790 891 1869 impii
919 1784 1045 1857 fuemnt.

325 1868 408 1946 Quid
418 1885 480 1933 tum
491 1868 588 1946 postea
603 1868 615 1932 ἓ
632 1867 715 1932 Num
728 1868 832 1933 idcircb
843 1891 896 1929 nos
910 1893 1023 1948 quoque
1032 1894 1047 1942 2*

323 1947 374 2025 qui
398 1969 449 2013 eos
468 1948 612 2028 legimus,
640 1947 724 2024 impii
748 1946 870 2015 sumus?
892 1948 1042 2020 Primum,

323 2022 413 2103 quim
431 2026 522 2089 multa
535 2024 598 2087 sunt
611 2026 641 2085 in
655 2023 714 2085 hoc
730 2020 868 2087 Po'e'mate
887 2049 954 2089 cum
968 2029 1043 2087 alio*

323 2126 390 2170 rum
410 2102 524 2165 Philoso
544 2103 648 2169 horum
668 2103 840 2174 sententiis,
868 2126 903 2167 ac
923 2104 1043 2172 decretis

323 2181 512 2245 consentanea
522 2126 645 2263 iQuim
654 2185 744 2245 multa
752 2181 927 2261 probabilia!
942 2180 1041 2264 Quint

322 2263 416 2325 multa
439 2262 558 2340 denique
579 2264 731 2340 praeclara,
754 2284 787 2325 ac
810 2259 899 2341 prope
923 2260 1041 2325 divina!
1160 2298 1163 2302 ·

323 2339 398 2402 Haec
410 2337 572 2420 firmamus,
586 2340 646 2401 haec
660 2343 823 2418 arripiamus
836 2382 846 2411 ,
864 2341 923 2402 hec
936 2364 1039 2420 appro-

324 2421 442 2482 bemus.
457 2462 489 2480 ..
503 2462 512 2481 .
530 2415 664 2486 Deinde,
678 2416 787 2481 adebne
800 2421 918 2490 faciles,
931 2427 958 2480 &
979 2441 1044 2480 cre-t

325 2499 385 2560 duli
409 2496 532 2568 surmus,
564 2513 624 2566 ut,
652 2518 712 2575 quae
737 2496 798 2558 sunt
829 2495 846 2556 l
873 2497 1039 2576 quibussibet

323 2577 514 2655 scriptoribus
543 2578 690 2640 memorie
720 2577 866 2654 prodita,
900 2575 1041 2656 literisque

323 2657 478 2725 mundata,
492 2677 545 2725 ea,
560 2673 695 2734 tanquam
715 2677 752 2717 ex
771 2655 915 2733 Apollinis
936 2677 1037 2719 oracu-

322 2733 358 2796 lo
371 2735 463 2806 edita,
476 2755 543 2798 vera
556 2733 611 2796 else
628 2734 804 2813 judicemus?
817 2732 905 2814 Qudd
921 2736 941 2796 fi
960 2737 1042 2798 mul*

322 2830 355 2881 ta
369 2813 495 2891 quotidie
505 2814 654 2884 fabulosa,
671 2814 866 2885 incredibilia,
893 2813 961 2876 falsa
989 2816 1038 2876 dc.-

320 2892 409 2972 uique
417 2894 559 2976 legimus,
573 2895 621 2968 vel
630 2911 666 2963 ut
676 2894 788 2963 animos
797 2896 975 2967 relaxemus,
987 2893 1040 2963 vel

875 3015 928 3059 Η
