2725 4217
428 541 480 640 38
577 536 1021 608 AuuuMumuM

428 656 554 736 micus,
566 654 625 750 qui
647 651 815 725 Mundum
832 651 852 724 i
867 651 943 726 Diis
964 676 1151 743 creatum?
1174 694 1177 699 ·

429 750 622 847 Divinique
635 749 846 847 providentii
859 748 1098 849 conservatum
1110 756 1146 829 ‘ui

405 858 409 869 '
430 849 598 925 voluerint
605 871 618 933 3
632 874 733 945 quem
745 850 922 921 temerario
935 846 1144 933 Atumorum

430 942 592 1022 concursu
604 941 1009 1028 fabricatum,&fortuito
1019 972 1162 1019 earum·-

431 1045 510 1118 dem
547 1040 683 1116 discidio
717 1065 928 1140 peremptum
955 1042 997 1115 iri
1028 1040 1146 1121 docuit

431 1142 610 1240 Epicurus.
1121 1138 1147 1173 ’·

484 1236 554 1310 ΙΠ.
569 1237 660 1310 Tum
674 1233 822 1310 reversus
836 1234 879 1308 ad
893 1258 963 1307 rem
975 1234 1070 1309 unde
1090 1262 1143 1309 ot·

431 1360 469 1410 ta
482 1332 529 1406 est
542 1333 678 1431 quaestio
691 1385 703 1417 ‚
717 1357 810 1407 totus
821 1333 854 1403 in
868 1332 904 1405 id
916 1332 1094 1419 incumbit,
1109 1356 1144 1405 ut

434 1430 577 1506 astrutio
591 1429 717 1527 duplici
728 1430 937 1501 Atomorum
951 1452 1074 1515 motu,
1087 1434 1164 1503 net-⁸

434 1525 536 1601 turali
549 1527 724 1611 Deorum,
738 1524 889 1600 violento
902 1523 1056 1613 Sunium,
1080 1548 1149 1599 ter-

433 1626 522 1697 tium
549 1625 777 1692 Declinan'onis
812 1621 992 1719 presertim
1016 1647 1146 1701 motum

437 1720 575 1795 Atomis
589 1716 725 1804 afferat,
754 1745 797 1792 ex
846 1747 891 1792 uo
916 1720 1034 1793 cunda
1047 1746 1147 1823 geue·

438 1838 554 1891 rentur
567 1866 578 1899 ,
590 1820 626 1889 &
640 1816 707 1888 fine
721 1843 790 1914 quo
803 1746 937 1889 libertas
958 1820 1069 1889 omnis
1089 1818 1148 1917 bo·¹

438 1912 582 1986 minibus
604 1911 781 1985 adimatur.
805 1915 883 2004 Qui
897 1936 940 1985 ex
959 1911 1038 1985 dati
1053 1940 1150 1989 oecu-

437 2011 529 2085 fione
543 2009 689 2083 breviter
703 2035 745 2082 ex
770 2010 848 2083 licat
863 2063 873 2096 ,
890 2006 972 2108 quid
984 2034 1099 2084 motus
1112 2010 1151 2083 li·

438 2105 720 2182 berineceffario
758 2110 765 2124 ‘
814 2132 877 2181 rat.
1147 2200 1150 2205 Δ

491 2202 564 2277 IV.
586 2204 704 2278 Docet
727 2204 875 2276 Atomos
895 2202 928 2276 in
951 2200 1094 2282 immoto
1113 2207 1151 2278 δι

439 2302 557 2399 quieto
570 2297 737 2373 Universo
751 2296 829 2372 ferri
840 2324 951 2374 tamen
965 2304 1151 2399 irrequietis

436 2404 478 2471 ἃ
492 2395 671 2468 mobilibus
686 2398 854 2482 motibus,
877 2401 911 2470 in
935 2398 1057 2497 quibus
1068 2396 1153 2472 sem·

441 2520 502 2592 per
514 2491 629 2577 fuiffe,
644 2520 732 2567 nunc
748 2493 832 2580 effe,
848 2523 886 2569 ac
900 2496 982 2568 olim
1003 2493 1076 2569 fore
1090 2521 1153 2569 ne-

439 2588 526 2665 ceffe
546 2589 605 2665 est.
619 2590 726 2680 Quod
749 2592 885 2690 quidem
905 2596 1023 2665 mirum
1047 2591 1154 2667 videri

444 2709 513 2758 non
527 2687 651 2772 debet,
666 2687 742 2761 cbrn
764 2688 925 2788 ejusmodi
937 2712 1048 2763 motus
1062 2689 1153 2763 Ato-

444 2807 575 2854 morum
588 2810 654 2856 non
667 2786 772 2859 mimis
786 2791 866 2862 caeci
877 2784 1053 2886 fint‚quim
1064 2812 1154 2861 caeca

445 2875 522 2953 sunt
534 2905 646 2956 earum
655 2910 800 2985 corpora
810 2909 824 2990 3
843 2888 909 2963 hoc
923 2884 992 2984 est,
1005 2908 1075 2959 uon
1087 2909 1155 2961 ma·
