2725 4217
183 272 196 469 ξ

332 540 828 613 maatsacvmtt.
896 564 944 633 ς,

183 586 194 811 ἱ
231 656 285 730 'is
311 655 371 729 sub
395 653 503 729 sensus
530 653 658 727 nostros
686 652 809 728 cadant
833 655 947 735 motus

247 832 253 844 ι,
271 779 463 838 tomorum,
476 751 575 852 quim
586 778 699 825 earum
711 777 865 848 corpora.
907 790 909 795 ·
952 818 955 827 .

183 860 203 881 ·’
261 851 332 926 ·V.
366 850 546 948 Explicato
583 847 715 925 diverso
740 847 946 926 Atomorum

221 972 352 1032 motu,
372 951 438 1045 jam
452 947 589 1020 alteram
603 973 718 1019 earum
731 944 945 1114 {utilitatem

183 1046 187 1145 ζ
260 1072 312 1118 uae
335 1046 434 1120 variae
461 1043 538 1116 sunt
557 1043 707 1141 figurae,
759 1042 956 1134 emonstrat,

275 1169 368 1215 arum
380 1164 492 1214 autem
506 1207 508 1210 ,
529 1142 662 1213 lurimas
676 1138 813 1238 quidem
825 1138 958 1238 species,
979 1146 982 1151 ’

231 1235 382 1315 diversas
396 1262 435 1310 ac
481 1239 488 1253 '
516 1237 622 1308 tmiies
645 1234 784 1320 statuit,
807 1260 949 1309 numero

232 1332 467 1412 tamenfinitas
479 1330 552 1407 :sed
562 1331 622 1404 sub
631 1331 761 1431 diversi
770 1333 901 1431 quique
910 1332 950 1405 fi-

229 1457 395 1620 gararum
407 1428 516 1528 specie
528 1431 624 1529 ponit
635 1427 778 1502 infinitas
787 1429 949 1506 Atomos.

276 1528 345 1602 uod
359 1527 459 1626 longi
472 1551 653 1601 carmlnum
666 1523 746 1599 serie
758 1526 915 1624 explicat.
955 1587 956 1591 ,

234 1619 239 1630 ’
290 1623 355 1699 VI.
368 1625 460 1698 Hinc
473 1651 526 1699 res
539 1627 673 1697 cunctas
684 1676 696 1708 ,
711 1649 779 1695 non
794 1649 837 1696 ex
850 1628 949 1722 unius

235 1718 420 1820 figuratum
432 1720 552 1819 speciei
566 1721 723 1806 Atomis,
738 1719 794 1794 sed
808 1747 850 1794 ex
863 1723 948 1798 mul·

228 1821 281 1918 ¹tis
294 1846 332 1893 ac
346 1817 548 1892 diffimilibus
565 1818 683 1916 figuris
701 1873 711 1906 ,
730 1815 882 1892 constare
896 1818 956 1900 os-,

234 1915 358 1999 tendit,
368 1915 424 1988 vel
437 1918 533 1988 unius
543 1915 659 1987 Terrae
674 1913 843 2078 exemflm
858 1942 950 2013 quae,

262 2013 316 2084 uia
331 2035 441 2081 rerum
455 2014 602 2081 omnium
624 2009 751 2081 diversa
785 2013 890 2083 emina
914 2015 949 2084 in

233 2038 270 2180 Pe
305 2106 487 2189 continet,
524 2105 716 2177 Maternum
744 2127 867 2176 nomen
903 2107 951 2181 est

235 2203 384 2301 adepta,
398 2208 587 2298 Magnaque
597 2207 719 2291 Parem
728 2198 881 2273 Deorum
893 2228 952 2300 pa·

235 2303 320 2373 titer
335 2326 372 2372 ac
386 2298 558 2379 hominum
572 2295 618 2369 est
632 2295 809 2395 appellata.

294 2394 378 2469 VII.
412 2396 571 2492 Denique
606 2393 649 2470 de
680 2395 808 2466 caeteris
841 2419 952 2469 rerum

241 2491 474 2592 qualitatibus,
489 2516 571 2590 quas
583 2489 725 2570 dicimus
733 2541 744 2574 ,
758 2486 831 2562 fusi
844 2488 954 2587 dispu-

242 2613 316 2674 tat,
330 2613 411 2686 puta
424 2588 466 2661 de
481 2588 614 2670 calore,
629 2582 774 2684 frigore,
790 2587 954 2676 humore,¹

242 2686 417 2770 siccitate,
437 2685 551 2758 colore
571 2735 581 2768 ,
603 2682 731 2767 odore,
754 2680 786 2755 sa
812 2709 891 2769 ore,
912 2711 952 2761 ac

242 2780 349 2856 sensu.
380 2783 532 2872 Quarum
560 2781 708 2852 omnium
741 2806 759 2851 a
787 2781 952 2856 etiionum

238 2902 398 2983 expertes
407 2875 487 2961 facit
498 2878 670 2966 Atomos,
686 2879 835 2985 quamvis
848 2903 890 2959 ex
902 2880 953 2959 hia

904 3366 1155 3757 ,s
