2725 4217
439 566 496 620 154
635 530 992 606 MUCRETH

436 639 943 708 Expergefafflquesequunturinuniasaepe

437 713 576 761 Cervorum
585 711 796 776 fimulacra,fugae
804 712 869 775 quafi
877 708 962 759 dedita
970 718 1091 771 ternanti

436 777 526 828 Donec
538 775 645 827 discuffir
656 777 759 828 redeant
769 776 894 827 erroribus
902 778 934 827 ad
942 779 978 827 se.

437 846 477 896 At
485 847 600 895 consueta
609 844 678 895 domi
688 847 827 896 cantiorum
836 846 924 894 blanda
932 860 1050 912 propago

437 913 551 978 Degere,
563 914 623 978 supe
629 912 710 963 levem
720 931 749 964 tx
758 912 847 970 oculis,
854 912 1032 978 volucremque
1040 915 1159 979 soporem

437 980 582 1039 Distutere,
593 983 617 1030 dt
624 996 714 1044 corpur
722 980 753 1031 dt
761 979 827 1030 terri
838 978 969 1044 continere
976 979 1083 1040 instant,

437 1046 548 1099 Proinde
557 1049 620 1114 quati
627 1046 727 1114 ignotas
733 1046 823 1104 faciet,
835 1064 908 1113 atque
917 1058 1083 1100 maturantur.

437 1115 471 1167 Et
478 1117 549 1182 quim
556 1132 652 1181 quaque
661 1116 739 1182 magir
746 1118 801 1166 sunt
810 1116 891 1178 aspera
897 1114 988 1166 semina
996 1131 1086 1166 eorum
1096 1151 1107 1176 ,

437 1186 501 1235 Tam
509 1180 1035 1250 magirinsomniseadtmsaevireueceffum
1052 1185 1099 1238 est.

438 1253 479 1303 At
485 1251 557 1302 ratic
566 1250 666 1316 fugiunt
672 1252 787 1301 volueret
795 1286 802 1308 ‚
811 1249 944 1315 pennisque
952 1253 1057 1314 repent&

438 1317 1029 1382 SollicitantDivtimnodumotemporelutor,

440 1385 583 1451 Accipitres
592 1388 678 1435 somno
689 1385 715 1435 in
726 1385 800 1436 lenifi
809 1382 909 1448 prelia,
922 1387 1067 1451 pugnasque·

438 1455 518 1506 Edere
526 1454 580 1504 sunt
587 1454 760 1519 persedentes,
770 1451 873 1518 visuque
880 1453 1004 1505 volantes.

471 1609 684 1661 Porrdhurninum
692 1604 945 1674 mentesutagnisquoe
952 1607 1154 1667 motibureduud

438 1677 530 1743 Magna
539 1676 629 1726 etenim
637 1678 697 1740 saepe
705 1676 732 1726 in
740 1675 976 1741 somnisfaciuntque
984 1692 1135 1748 getnntque:

436 1746 520 1809 Reges
528 1759 684 1810 expugnant,
695 1743 838 1808 capiuntur,
846 1743 932 1808 proelia
940 1743 1061 1806 miscent3

438 1812 544 1862 Tolluut
554 1813 690 1869 clamores,
701 1813 766 1877 quati
773 1814 791 1862 si
799 1811 939 1878 iugulentur
947 1802 1059 1873 ibidem

437 1878 513 1930 Multi
523 1879 677 1946 depugnant,
691 1879 841 1944 gemitusque
851 1878 980 1930 doloribus
990 1880 1088 1944 edunt;

436 1947 667 2013 thuafipantherae
675 1945 960 2006 morsu,saeviveltonis

436 2017 601 2075 Mandantur,
612 2015 708 2082 magnis
716 2013 863 2065 clamoribus
870 2013 952 2064 omnia
963 2016 1102 2079 complent·

439 2082 515 2135 Multi
525 2085 556 2134 de
564 2083 658 2150 magnis
665 2100 709 2145 per
717 2086 827 2133 somnum
837 2084 905 2132 rebu’
911 2085 1064 2149 loquuntur,

439 2151 586 2218 indicioque
594 2150 629 2202 sui
639 2151 691 2201 facti
702 2149 889 2215 persuper'udre.

439 2218 517 2269 Multi
525 2230 631 2270 mortem
643 2219 750 2269 obeunt:
760 2217 832 2268 multi
841 2218 871 2267 de
880 2217 1005 2268 montibus
1014 2217 1075 2270 altit

438 2291 469 2335 Se
478 2288 541 2351 quasi
549 2286 739 2350 praecipitentad
746 2301 835 2335 terram
843 2298 948 2350 corpore
957 2300 1016 2335 toto
1027 2325 1036 2346 ,

439 2355 612 2411 letarentur,
622 2358 644 2403 dt
653 2370 681 2402 ex
689 2355 790 2412 somno,
807 2354 871 2416 quafi
879 2344 1087 2419 mentibu’capri,

441 2421 491 2470 Vix
501 2423 531 2472 ad
540 2425 563 2472 se
573 2423 675 2471 redeunt
683 2420 790 2484 permoti
798 2421 982 2485 corporisaestu.

420 2501 422 2505 '
438 2489 543 2540 flumen
550 2490 610 2540 itern
622 2488 719 2546 sitient,
729 2504 769 2539 aut
779 2490 872 2538 fontem
879 2504 984 2553 propter
991 2505 1113 2541 amoenunt

441 2555 559 2617 Aufida,
572 2561 595 2608 ὰ
605 2569 686 2607 toturn
696 2556 774 2620 propd
782 2554 890 2605 faucibus
898 2570 1005 2620 occupat
1013 2574 1119 2610 amnem·

439 2625 494 2676 Pusr
502 2626 645 2690 saepelacum
654 2640 755 2688 propter
764 2625 787 2672 se
797 2659 804 2680 ‚
816 2640 842 2671 ac
855 2622 923 2672 dolia
930 2639 1015 2684 curta,

439 2694 531 2743 Somno
541 2691 646 2744 devincti
656 2689 998 2748 credunrextollerevestem‚

439 2758 528 2810 Totius
536 2762 663 2812 humorem
672 2762 793 2810 saccatum
802 2776 829 2810 ut
837 2757 949 2822 eorpori’
956 2761 1075 2810 fundant:

436 2824 500 2876 cum
506 2823 655 2896 Babylonica
664 2825 935 2894 magnificosplendore
947 2825 1071 2890 rigantur.

439 2893 504 2942 Turn
513 2895 599 2960 quibus
605 2895 683 2947 etatis
688 2898 751 2946 freta
757 2894 870 2959 primitus
879 2893 923 2944 inu
929 2910 1049 2953 nuantur,

439 2963 528 3015 semen
536 2963 577 3017 ubi
585 2963 637 3033 ipsa
644 2961 698 3016 dieu
705 2961 821 3018 membris
830 2975 926 3016 matuta
937 2961 1053 3023 tutavit,
