2725 4217
433 618 466 664 η
624 590 981 663 neverunt!

432 715 473 767 De
482 712 577 768 Summi
586 733 685 778 rerum,
698 723 721 769 &
729 717 817 770 nostris
826 718 939 769 diffidere
949 715 1037 777 disiice

430 786 592 852 Quapropter
600 787 671 837 locut
680 786 714 836 est
722 787 839 845 intubus,
853 791 942 844 Inane,
953 788 1104 853 vacansque&

466 918 542 980 Quod
555 918 631 970 sinon
642 918 716 979 esset,
728 917 796 970 nulls
806 916 901 968 ratione
913 917 1010 968 moveri

430 983 482 1035 Res
491 985 585 1049 possent
593 1004 709 1051 :namque
718 985 844 1043 officium,
855 987 923 1051 quod
933 984 1049 1050 corporis
1058 1001 1138 1048 extat,

431 1051 541 1103 Officere
551 1090 559 1112 ‚
576 1069 645 1119 atque
655 1055 764 1113 obstare,
774 1053 801 1102 id
810 1051 836 1102 in
845 1051 912 1102 omni
928 1066 1041 1116 tempore
1051 1053 1138 1105 adesset

430 1118 567 1170 Omnibus:
578 1120 642 1172 baud
651 1119 728 1185 igitur
739 1119 868 1185 quidquam
879 1121 1014 1183 procedere
1026 1119 1123 1184 posset,

427 1183 580 1251 Principium
590 1187 705 1253 quoniam
714 1185 816 1238 cedendi
828 1186 895 1236 nulla
904 1187 974 1237 darer
983 1203 1031 1237 ree.

427 1254 468 1304 At
476 1269 539 1304 nunc
549 1271 593 1318 per
606 1254 697 1314 maria,
713 1272 739 1304 ac
751 1269 840 1311 terras,
851 1251 1000 1316 sublimaque
1009 1252 1084 1313 coli,

427 1320 509 1371 Multa
520 1319 602 1370 modis
610 1322 695 1372 multis
705 1320 771 1371 varii
781 1319 876 1370 ratione
885 1318 981 1369 moveri

428 1386 557 1438 Cernimus
567 1403 623 1439 ante
636 1390 739 1438 oculos:
749 1404 813 1453 qua,
824 1388 841 1437 fi
851 1402 901 1436 non
912 1385 970 1436 esset
978 1390 1070 1448 Inane,

427 1452 488 1502 Non
497 1468 547 1503 tarn
558 1454 667 1506 sollicito
682 1470 751 1505 motu
760 1453 855 1518 privata
865 1468 990 1510 carerent,

428 1520 510 1580 Quint
519 1519 602 1586 genita
611 1521 712 1572 omninb
724 1521 790 1572 nulla
800 1520 895 1571 ratione
903 1519 1015 1570 fuissent:

427 1585 538 1653 Undique
549 1590 660 1640 materies
670 1588 786 1655 quoniam
796 1587 882 1652 stipata
892 1586 1003 1653 quiesset.

460 1718 579 1773 Praeterea
588 1722 698 1788 quamvis
707 1723 790 1774 solide
800 1738 838 1774 res
847 1722 893 1773 esse
903 1736 1037 1787 putentur,

426 1782 494 1838 Hinc
503 1802 583 1841 tamen
593 1790 639 1841 esse
646 1792 709 1841 licet
717 1808 772 1842 raro
782 1809 837 1841 cum
847 1807 953 1855 corpore
962 1806 1064 1841 cernas:

424 1857 455 1907 ln
463 1855 540 1915 saxis,
555 1875 582 1906 ac
596 1857 716 1922 speluncis
729 1873 854 1923 permanat
862 1875 976 1921 aquarum

424 1920 543 1986 liquidus
552 1925 654 1983 humor,
665 1930 688 1976 dr
697 1925 810 1976 uberibus
819 1925 881 1976 slent
891 1923 974 1974 omnia
987 1923 1086 1989 guttis:

424 1988 539 2055 Diffupat
546 1991 571 2041 in
581 2010 670 2056 corpus
679 1995 726 2042 sese
736 1993 803 2043 cibus
813 2008 886 2042 omne
896 1991 1061 2042 animantum:

425 2059 545 2109 Crescunt
553 2060 660 2120 arbusta,
671 2064 694 2110 dr
703 2064 773 2111 foetus
782 2060 929 2123 intempore
942 2059 1063 2119 fundunt,

423 2125 499 2186 Quod
511 2125 580 2178 cibus
593 2126 619 2177 in
631 2143 698 2178 toras
710 2131 783 2192 usque
797 2129 827 2177 ab
839 2125 962 2177 radicibus
972 2125 1029 2176 imis

421 2191 470 2241 Per
479 2207 595 2254 truncos,
605 2213 635 2244 ac
645 2213 688 2259 per
698 2211 777 2244 ramos
791 2193 935 2244 diffunditur
944 2209 1044 2242 omnes:

421 2260 565 2323 intersepta
575 2277 657 2312 meant
665 2279 758 2321 voces,
769 2262 880 2311 &clausa
890 2262 1021 2311 domorum

418 2325 619 2377 Transvolirant:
631 2327 739 2394 rigidum
748 2343 874 2393 permanat
882 2327 959 2393 frigus
968 2329 998 2377 ad
1008 2326 1068 2379 ossan

423 2395 515 2454 Quod,
530 2394 573 2445 nifi
583 2394 736 2455 Inrniasrnr,
753 2398 798 2461 qul
814 2394 909 2459 possent
921 2412 1027 2460 corpora
1035 2406 1135 2463 queque

421 2462 530 2512 Transire
540 2497 548 2522 ,
562 2463 625 2513 haud
635 2463 686 2515 ulli
695 2463 748 2514 fieri
758 2461 854 2514 ratione
867 2462 973 2515 videres.

453 2595 568 2662 Denique
578 2613 622 2648 cur
635 2596 694 2649 alias
704 2597 758 2648 aliis
766 2595 874 2661 prestare
887 2595 1000 2647 videmus

419 2659 533 2712 Pondere
542 2681 579 2714 ren
591 2666 677 2723 rebus,
689 2665 768 2715 nihilo
780 2665 871 2724 maiore
885 2661 978 2728 figuti?

418 2728 500 2787 Nam,
511 2731 527 2780 sr
537 2732 680 2782 tantundem
690 2732 723 2784 est
733 2732 758 2782 in
768 2732 827 2781 lanae
837 2731 949 2795 glomere
959 2744 1077 2795 quantum

418 2795 540 2857 Corpori<
551 2797 575 2846 in
586 2800 689 2862 plumbo
704 2799 736 2850 ell
746 2835 753 2857 ‚
764 2800 908 2849 tantundem
917 2797 1024 2862 pendere
1034 2813 1077 2861 par
1087 2795 1136 2848 est:

419 2861 1143 2930 Corporisofficiumestquoniampremereomuiadeorsumt

419 2929 513 2978 Conrrd
521 2946 602 2982 autern
611 2949 698 2984 natura
707 2949 788 2984 manet
797 2935 844 2983 fine
855 2934 965 2998 pondere
972 2931 1064 2982 liranis.

417 2997 486 3064 tergo
499 2999 566 3067 quod
577 3017 696 3069 magnum
707 3000 740 3053 est
750 3002 833 3070 eque,
847 2998 972 3069 leviusque
981 2997 1102 3073 videtur!
