2725 4217
416 604 467 647 110
606 574 643 638 T.
683 572 965 642 LUCRETII

409 683 458 735 Nil
465 678 603 732 tamenhoc
613 678 643 727 ad
651 693 712 737 nor,
723 676 765 744 qui
774 693 838 729 etetu
848 677 1017 746 conjugioque

410 747 545 814 Corporis,
556 761 627 812 atque
635 744 731 795 Anime
738 744 887 797 consistimus
897 744 981 799 uuiaet
989 748 1057 814 apti.
1094 794 1098 799 .

409 821 464 869 Nec
472 853 479 875 ‚
488 817 505 866 fi
515 813 639 865 materiam
646 811 752 862 nostram
762 812 901 878 conlegerit
908 828 966 865 etat

410 885 469 936 Post
476 882 572 933 obitum
581 919 589 940 ,
599 882 738 944 rursumque
745 878 885 945 redegerit,
899 882 1056 934 ntfitanune
1064 882 1117 945 est,

411 952 496 1017 Atque
508 950 597 1001 iterum
606 944 776 996 nobirflrerint
784 947 841 997 data
848 945 944 1003 lumina
952 948 1031 1011 vim

412 1017 538 1070 Pertineat
545 1015 673 1082 quidquam
681 1028 762 1063 tamen
770 1014 801 1062 ad
808 1029 854 1064 nor
861 1011 889 1064 id
898 1030 998 1081 quoqne
1007 1019 1113 1076 fadum,

412 1089 552 1148 interrupta
560 1082 634 1132 semei
643 1079 697 1130 eiam
705 1081 735 1130 sit
742 1079 879 1144 repetentia
888 1080 980 1135 nostra.

413 1156 446 1203 Et
454 1168 517 1202 nuuc
526 1149 563 1201 nil
571 1150 601 1199 ad
609 1164 655 1198 noe
664 1147 695 1197 de
702 1145 775 1197 nobie
784 1146 887 1206 attinet,
898 1148 956 1200 ante

414 1218 466 1282 Qui
475 1217 578 1279 fuimur3
587 1216 689 1277 uetiam
698 1215 730 1264 de
737 1213 789 1264 illie
798 1230 845 1265 nor
853 1212 933 1266 afficit
942 1231 1037 1285 angor,

415 1289 486 1348 Quos
495 1286 525 1334 de
535 1282 636 1334 materii
645 1279 725 1332 nostri
733 1297 798 1332 nova
806 1285 918 1346 proferet
924 1298 992 1339 ater.

412 1357 480 1407 Nam
492 1351 546 1401 eiun
556 1348 669 1413 respiciat
677 1347 785 1399 immensi
792 1347 912 1412 temporie
920 1366 997 1401 omne

413 1416 566 1471 Praeteritum
575 1415 690 1481 spatium,
701 1431 754 1466 tum
764 1431 845 1466 motur
853 1414 969 1469 materiai

416 1484 562 1537 Multimodi
571 1485 641 1549 quim
649 1483 710 1543 stnt3
721 1482 794 1533 facile
800 1482 849 1533 hoc
859 1483 991 1535 adcredere
1004 1482 1097 1548 ponis,

414 1551 510 1603 Semina
517 1554 577 1616 sepe
585 1551 611 1600 in
619 1552 721 1606 eodem,
731 1563 828 1601 utnunc
837 1552 907 1610 sunt,
918 1550 1007 1603 ordine
1013 1549 1103 1615 posta:

415 1622 470 1669 Nec
480 1617 583 1669 memori
590 1615 705 1669 eumenid
713 1615 807 1680 quimus
816 1617 967 1683 deprendere
975 1631 1073 1670 mente·

415 1690 483 1738 inter
491 1683 556 1734 enim
563 1686 621 1746 jefla
630 1684 663 1734 est
670 1682 736 1734 vitai
746 1687 818 1748 pausa
826 1686 958 1757 ,list'geque

416 1749 568 1801 Deerrdrunt
575 1751 658 1815 pasfim
667 1764 750 1800 motus
758 1752 789 1801 ab
798 1748 902 1802 seniibna
910 1767 1005 1805 omnen.

416 1820 500 1869 Debet
508 1816 586 1875 euim,
601 1816 688 1868 misere
696 1816 755 1881 quoi
766 1818 832 1868 sorte
840 1821 1069 1886 ngreqnesuturum
1079 1817 1131 1876 est,

416 1888 470 1950 Ipse
481 1901 577 1950 quoque
588 1883 634 1934 esse
642 1882 669 1933 iu
680 1899 710 1933 en
719 1899 772 1934 tum
782 1899 909 1949 ternpore,
918 1884 971 1936 crim
980 1885 1047 1934 male
1055 1884 1133 1947 possit

416 1951 551 2005 Accidere.
560 1949 721 2016 Atquoniam
730 1967 798 2001 mora
806 1951 893 2017 eximit
899 1951 948 2011 im,
962 1948 1133 2019 prohibetflue

416 2021 507 2077 Illum,
518 2018 559 2071 cui
567 2019 657 2084 posfinr
665 2018 824 2069 incommoda
833 2016 961 2085 conciliari

416 2092 479 2140 Haee
488 2089 585 2147 eadem,
594 2086 715 2154 inquibus
724 2089 970 2147 &nuncnonsumum
981 2083 1038 2137 aare
1045 2081 1131 2137 fuiffe·

417 2156 485 2206 Scire
494 2154 555 2211 licet
563 2153 635 2205 nobis
644 2152 707 2213 nihil
719 2150 765 2202 esse
773 2151 800 2202 in
809 2167 890 2204 morte
898 2152 1035 2205 timendum
1045 2169 1054 2212 ς

417 2225 473 2273 Nec
482 2222 593 2273 miserum
601 2219 667 2278 fieri,
677 2217 717 2285 qui
729 2233 779 2269 non
787 2219 836 2277 est,
845 2219 928 2283 posi'e3
939 2235 1019 2285 neque
1028 2218 1110 2272 hilum

418 2289 542 2346 Differre,
551 2304 581 2337 an
589 2288 658 2337 nulio
665 2285 740 2337 fuerit
747 2287 794 2347 iarn
802 2302 914 2350 tempore
921 2301 1005 2343 natue,

417 2357 551 2409 Mortalem
560 2353 637 2406 vitam
644 2368 712 2405 mora
719 2352 759 2405 eui
771 2352 919 2407 immortalia
926 2351 1031 2406 ademit·

450 2506 559 2560 Proinde
567 2501 609 2556 ubi
618 2505 642 2553 se
651 2500 737 2555 videar
750 2505 874 2558 hominem
889 2503 1042 2574 indignarier
1051 2503 1133 2570 ipsun

418 2577 477 2629 1²0st
485 2589 591 2627 mortem
598 2574 667 2629 fore,
678 2586 706 2620 ut
714 2587 755 2622 aut
765 2577 886 2636 putrescat
893 2570 1076 2641 corporepdsio
1087 2608 1097 2634 ,

418 2647 474 2694 Aut
483 2640 586 2692 flammis
595 2637 717 2699 interfiat,
730 2639 830 2690 malisve
838 2644 958 2692 ferarum:
1076 2653 1080 2660 '

418 2707 486 2760 Scire
494 2709 569 2767 licet,
580 2722 629 2757 non
637 2706 754 2766 suerrum
762 2708 861 2767 sonere,
875 2722 947 2773 atque
955 2705 1046 2759 subeffe

419 2778 516 2825 Catum
522 2775 626 2841 aliquem
635 2772 705 2823 cordi
713 2772 849 2834 stimulum,
861 2774 971 2840 quamvis
978 2789 1055 2840 neget
1063 2773 1117 2839 ipse

421 2839 528 2891 Credere
536 2844 558 2892 se
567 2857 709 2920 quemquam
717 2839 761 2892 fibi
769 2843 860 2893 sensum
869 2841 894 2891 in
903 2857 983 2909 morte
992 2844 1115 2915 futurum·

420 2908 481 2957 Non
488 2940 496 2964 ,
504 2922 533 2961 ut
541 2924 645 2971 oprtet,
653 2907 718 2957 enim
727 2908 784 2967 dat,
792 2909 859 2973 quod
868 2906 994 2972 promittit
999 2925 1009 2974 3
1017 2912 1041 2962 ἅ
1048 2907 1110 2961 inde

421 2971 924 3049 Necrmieirnrviuretouir‚eeici,t5

229 3570 603 3750 ..Α
