2725 4217
334 565 501 635 LIBER
531 558 820 634 SECUNDUS.
907 584 949 650 '7⁷

235 670 366 721 Donicurn
376 668 499 734 olescendi
508 666 742 734 summumtetigere
751 680 878 720 catumenu
900 720 904 729 ,

239 736 449 788 Indominutatim
458 735 538 794 viret,
549 736 656 786 &robur
665 735 776 786 adultum
800 794 802 798 Α

237 805 358 871 Frangit,
369 808 393 854 dt
403 803 429 853 in
440 819 535 867 partem
542 806 653 867 peiorem
660 801 765 867 liquitur
774 815 840 853 aetaee
909 851 914 858 ,

238 868 951 937 Quippeetenimquantoestresamplior,augmiuedept6,

239 944 272 989 Et
280 941 328 1003 quo
335 936 411 988 latior
418 939 466 997 est,
476 937 502 987 iu
511 941 606 988 cunetas
614 936 721 1002 undique
729 951 812 1000 parter

237 1005 321 1057 Plutia
330 1007 360 1055 ei>
368 1004 502 1070 dispergit,
512 1009 535 1054 dt
544 1006 588 1054 ise
598 1020 704 1068 corpora
713 1001 794 1054 mittit
801 1021 811 1054 t

237 1075 292 1122 Neo
301 1071 374 1122 facile
382 1070 408 1121 in
418 1088 491 1123 venas
501 1071 569 1121 cibus
578 1069 658 1120 omnis
667 1071 763 1121 diditur
775 1069 808 1120 eii
817 1084 830 1130 ς

237 1143 293 1190 Neo
304 1138 360 1189 satir
367 1139 415 1196 est,
424 1155 472 1203 pro
481 1139 552 1202 quim
560 1139 644 1202 largos
649 1137 732 1188 exaestu
737 1152 759 1187 rt
767 1137 855 1198 ustus,¹

236 1209 388 1270 Undequear'
397 1206 491 1255 rontium
500 1203 620 1262 suboriri,
635 1221 661 1253 ac
670 1203 839 1269 suppeditare,

236 1275 365 1335 Quantum
373 1289 434 1336 opus
443 1272 491 1329 est,
507 1276 531 1322 ὅ(
539 1273 607 1337 qu'od
615 1270 671 1327 satis
679 1271 730 1330 est,
741 1273 837 1326 Natura
844 1274 951 1326 dordr&

236 1343 255 1392 J
258 1357 302 1390 ure
311 1339 389 1405 igitur
397 1355 513 1402 pereunt,
524 1338 578 1388 ciam
588 1340 700 1388 rareftdla
707 1337 813 1388 rfluendo

235 1413 311 1466 Sunt3
322 1410 346 1459 dt
355 1405 409 1456 tima
418 1405 525 1456 extemis
534 1405 695 1455 succumbunt
706 1403 789 1455 omnia
796 1404 893 1470 plagia:

237 1472 444 1538 Quandoquidem
453 1472 540 1539 grandi
550 1471 621 1524 eibu'r
630 1475 684 1523 fevo
693 1471 798 1538 denique
806 1472 866 1524 defit
875 1490 884 1535 3

235 1543 290 1591 Nec
301 1541 435 1592 tuditantia
445 1557 496 1590 rem
507 1540 598 1590 ceslant
608 1538 756 1590 extrinsecus
769 1540 845 1591 ullam

237 1611 352 1674 Corpora
360 1605 496 1666 conficere,
510 1611 534 1659 dt
545 1606 628 1674 plagit
641 1606 725 1658 infesta
735 1607 847 1659 domare·

272 1757 310 1810 Sic
320 1750 485 1826 igiturmagni
496 1774 593 1824 quoque
606 1758 698 1811 circium
711 1757 799 1811 moenia
806 1754 894 1812 Mundi

235 1824 379 1890 Expugnata
391 1827 483 1877 dabunt
492 1826 587 1883 labem,
598 1831 726 1892 putresque
735 1827 825 1881 ruinae.

236 1892 330 1943 Omnia
338 1894 410 1943 debet
419 1893 483 1943 euim
492 1891 561 1943 cibus
570 1891 693 1960 integrare
704 1896 839 1956 novando,

236 1963 272 2011 Et
280 1959 367 2009 fulcire
378 1958 453 2020 cibis,
466 1978 492 2010 ac
502 1959 584 2028 omnia
591 1960 731 2013 sustentare.

235 2025 427 2091 Nequidquam,
438 2027 553 2093 quoniam
562 2034 681 2078 nectente
690 2028 863 2093 perpetiuntur

236 2091 954 2166 Quodsitisest,neque,quautiropurestNaturaminifflat·

236 2164 344 2227 Jamque
352 2161 414 2212 adeo
422 2162 501 2213 affedla
510 2163 544 2214 est
553 2178 624 2224 aetar,
637 2163 765 2228 effoetaque
779 2165 854 2215 tellus

236 2227 288 2279 Vix
299 2227 412 2278 animalia
420 2246 495 2293 parva
505 2246 586 2288 creat,
597 2246 649 2297 que
657 2234 740 2281 cunda
750 2231 846 2282 creavit

236 2297 326 2354 Saecla,
337 2289 453 2361 deditque
460 2301 565 2348 fetarum
572 2293 683 2363 ingentia
694 2315 801 2363 corpora
811 2312 892 2363 partu.
954 2348 960 2356 ,

236 2364 328 2422 Haud,
340 2373 367 2414 ut
376 2363 482 2426 opinor,
492 2363 557 2415 enim
567 2365 683 2426 mortalia
692 2366 759 2416 secla
766 2367 869 2430 superni

236 2430 734 2488 AureadeCoeloderuifitfunisinarva3
774 2445 777 2450 ·

237 2501 385 2555 Neomare,
398 2514 442 2547 uec
451 2497 537 2548 flodus
548 2501 693 2564 plangentes
705 2497 758 2548 saxa
771 2496 902 2552 creirunt:

237 2566 285 2616 Sed
293 2564 379 2632 genuit
386 2565 470 2616 Tellus
479 2566 578 2626 eadem,
590 2580 640 2631 qut
651 2583 714 2619 nunt
726 2564 771 2615 alit
780 2582 808 2616 ex
817 2566 852 2616 se.
951 2572 954 2576 '

238 2634 358 2683 l’raterea
366 2631 457 2682 nitidas
467 2635 565 2698 fruges,
577 2632 708 2700 vinetaque
722 2633 777 2682 lata

237 2704 331 2763 Sponte
338 2698 379 2750 sui
387 2698 491 2763 priminn
501 2701 647 2752 mortalibus
654 2700 703 2765 ipsa
712 2697 807 2750 creavit
816 2715 825 2749 t

237 2769 293 2830 Ipsa
303 2765 373 2817 dedit
382 2767 467 2817 dulces
479 2771 564 2825 foetus,
576 2772 599 2818 ὅ(
609 2768 698 2831 pabula
706 2769 775 2818 laeta:

237 2836 300 2895 Qut
309 2850 372 2884 nunc
381 2833 423 2884 vix
433 2832 516 2882 nostro
527 2836 690 2900 grandescunt
699 2838 763 2884 auda
774 2833 877 2897 labore3

236 2900 442 2965 Conterimusque
453 2901 544 2958 boves,
555 2905 579 2952 dt
587 2901 652 2951 vires
662 2901 826 2966 agricolarum

234 2965 407 3029 conficimus,
416 2966 602 3022 serirvixaruis
612 2966 775 3034 suppeditari:
789 3034 812 3086 G

824 3052 837 3091 ³

1148 1266 1161 1300 N
