2725 4217
324 600 359 653 ro
498 584 534 654 T.
566 569 919 653 LUCRETH*

324 705 465 759 confiteare
474 707 520 759 effe
530 704 555 757 in
564 708 651 767 rebus,
662 725 706 759 nec
717 707 785 773 poffe
794 703 886 760 videri.

355 839 498 905 Principid,
509 840 584 892 Venti
600 841 639 892 vis
648 843 763 892 verberat
771 839 848 891 incita
857 853 981 905 pontum,

322 906 482 975 ingentesque
495 909 545 960 ruit
554 924 642 966 naves,
654 908 769 960 &nubila
779 907 878 959 differt:

321 978 447 1032 Interdum
458 977 544 1042 rapido
554 993 698 1040 percurrent
708 976 805 1027 turbine
815 991 915 1040 campos

323 1043 465 1096 Arboribus
474 1060 569 1110 magma
578 1043 680 1101 stermt
697 1046 836 1108 montesque
845 1045 973 1107 supremo»

324 1110 554 1190 Sylvrfragrsvexat
562 1109 683 1162 flabris
675 1126 711 1161 tta
722 1110 828 1174 perfunt
837 1126 887 1159 acrr

324 1183 430 1298 ἓιιιιι.
403 1177 503 1230 fremitu
511 1176 643 1243 ,saevitque
651 1177 741 1228 minaci
751 1192 872 1227 murmure
882 1191 997 1231 coortus.

341 1262 385 1298 unt
394 1245 473 1313 agitur
482 1245 558 1296 Venti
571 1245 687 1296 nimirum
697 1261 803 1309 corpora
813 1260 893 1301 coeca,

327 1316 388 1376 Quae
401 1329 466 1363 mare
476 1349 483 1371 ,
495 1329 546 1377 qut
559 1328 651 1371 tetras,
666 1327 718 1378 quae
726 1311 829 1377 denique
838 1310 922 1361 nubila
932 1306 992 1363 coli

325 1383 449 1437 Verrunt,
461 1397 487 1429 ac
498 1380 579 1429 subito
589 1379 702 1429 vexantia
714 1378 812 1430 turbine
821 1392 928 1442 raptant.

324 1449 379 1498 Nee
389 1445 485 1497 ratione
498 1446 578 1496 fluunt
587 1446 649 1504 alia,
663 1447 818 1512 stragemque
826 1458 980 1512 propagant,

324 1512 402 1564 ric
379 1530 433 1562 cum
443 1511 530 1562 mollis
537 1529 601 1578 aqute
611 1519 688 1565 fertur
697 1529 781 1564 natura
791 1513 890 1576 repent&

323 1579 437 1632 numine
451 1579 598 1638 abundanti,
613 1583 679 1645 quod
690 1581 764 1646 largis
780 1578 898 1656 imbribus
911 1593 988 1647 auget

325 1646 455 1698 Montibus
468 1664 497 1697 ex
506 1646 564 1696 altit
573 1663 674 1711 magnus
684 1649 798 1698 decursus
807 1646 879 1712 aquai
888 1682 896 1704 ‚

324 1714 453 1790 Fragmina
464 1713 598 1775 conjiciens
606 1717 745 1792 sylvarum,
756 1715 895 1792 arbustaque
905 1726 980 1787 tota:

323 1785 379 1834 Nec
389 1781 466 1832 validi
477 1777 575 1847 poffunt
584 1798 672 1846 pontes
687 1782 808 1834 venientis
818 1780 890 1846 aquai

327 1849 385 1899 Vina
395 1847 496 1899 subitam
506 1849 645 1900 tolerarez'
639 1865 675 1900 ata
684 1867 773 1915 magno
782 1847 896 1900 turbidat
904 1847 982 1899 imbri

324 1915 452 1969 Molibua‘
444 1930 570 1966 incurrens
579 1916 669 1969 validis
678 1934 733 1967 cunr
743 1914 936 1973 viribusamnis,

272 2003 274 2007 ·
324 1985 377 2035 Dat
389 1982 470 2034 sonitu
479 1999 568 2061 magno
578 1983 697 2050 stragem
708 1985 838 2048 volvitque
847 1985 889 2034 sub
898 1980 971 2032 undas

325 2049 436 2129 Grandia
450 2055 518 2109 saxa,
531 2050 582 2102 ruit
595 2071 641 2116 qua
630 2052 770 2118 quidquid
783 2050 896 2101 flustibus
908 2051 1001 2104 obstat.

323 2118 454 2188 sicigitur
460 2119 551 2170 debent
557 2119 634 2170 Venti
645 2136 760 2199 quoque
755 2117 853 2168 flamina
863 2117 922 2168 ferri
932 2154 940 2177 ,

326 2189 402 2249 Qua,
412 2182 490 2237 velun
500 2186 610 2236 vandum
618 2186 726 2244 flumen,
737 2203 791 2236 cnm
799 2186 970 2250 procubuere,

326 2252 605 2329 Quamlibetinpartern
614 2255 717 2304 trudunt
726 2269 763 2303 res
773 2253 841 2311 ante,
851 2267 972 2318 ruuntque

324 2320 460 2399 Impetibus
470 2318 579 2379 crebris,
593 2319 717 2370 interdurn
727 2319 820 2370 vertite
830 2335 900 2371 torto

326 2388 490 2466 Corripiunt,
500 2387 635 2453 rapidoque
646 2386 753 2439 rotantia
768 2387 866 2438 turbine
876 2399 989 2452 portant.

327 2459 409 2520 Quare
424 2454 498 2507 etiam
509 2472 581 2520 atque
590 2454 664 2507 etiam
673 2454 812 2506 fimtVenti
821 2471 927 2519 corpora
937 2467 1020 2531 caeca:

327 2523 537 2602 Quandoquidem
541 2523 607 2574 fanis
617 2542 645 2573 ac
655 2522 780 2580 moribus,
789 2523 873 2572 amu-la
882 2520 978 2586 magnit

324 2591 462 2642 Amnibue
456 2590 629 2650 inveniuntur,
644 2596 731 2656 a'perto
744 2606 849 2654 corpore
858 2589 899 2655 qui
912 2591 977 2641 suut.

358 2724 419 2773 Τιιιιι
427 2727 503 2789 porrb
513 2725 597 2777 varios
605 2741 686 2777 retum
695 2722 810 2775 sentimus
822 2724 921 2774 odoret
930 2741 937 2774 ι

325 2790 380 2840 Nec
394 2805 474 2840 tamen
485 2796 513 2842 ad
522 2810 592 2843 natea
601 2793 727 2844 venientes
738 2792 991 2855 cernimuaunquamt

324 2858 378 2906 Nec
389 2856 484 2907 calidos
490 2859 568 2910 AEstut
577 2860 685 2920 tuimur,
696 2876 740 2911 nec
748 2859 852 2925 Frigora
861 2858 957 2922 quimus

324 2925 441 2986 Usurpare
451 2925 547 2983 oculis,
559 2944 603 2976 nec
614 2931 697 2977 Voces
708 2943 807 2978 cernere
817 2931 925 2978 suemus:

325 2991 387 3061 Ωιι
400 3005 484 3043 tamen
494 2993 577 3044 omnia
586 2994 707 3061 corporea
716 2995 824 3047 constare
835 2991 929 3047 metis:
937 2989 976 3047 est
