2725 4217
416 592 520 691 xxviij
574 574 995 665 'VARIORUM
1045 588 1050 599 “

418 725 451 769 ut
466 709 496 768 in
509 706 560 778 iis,
576 728 635 786 que
653 709 710 770 line
724 704 914 775 controversi
930 730 996 771 vera
1010 706 1139 781 sunr,1i⁴

418 783 529 846 bentiis
539 785 766 864 acquiescamus,
782 785 1005 865 constantibsque
1018 806 1137 850 manea·

417 875 501 936 inus,
521 867 588 943 quid
609 867 669 936 est,
694 864 769 944 qubd
788 865 952 927 Lucretium
966 865 1137 948 elegantilli-

419 965 503 1065 mun}
520 984 530 1016 ,
564 943 801 1024 cultissimumque
843 944 965 1007 Po'c'tam
1006 945 1135 1025 asperne

419 1042 498 1085 mur!
514 1066 561 1090 000

457 1179 505 1242 Ad
518 1180 683 1244 Lucretium
697 1179 823 1242 nostrum
841 1198 987 1251 revertor,
1009 1179 1134 1243 Po‘e'tani

323 1324 325 1327 ,
420 1261 568 1340 egregium
582 1283 614 1321 ac
628 1260 820 1338 prestantem,
833 1260 1060 1338 Scriptoremque
1071 1278 1137 1321 om-

417 1341 501 1397 nium
531 1337 700 1398 Latinorum
732 1337 954 1416 politislimum,
987 1335 1136 1400 vetullilli-

418 1436 525 1484 mum,
544 1415 799 1498 elegantissimum
816 1437 852 1476 ex
863 1439 920 1494 quo
931 1417 970 1480 Vi
1005 1418 1087 1485 ilius,
1106 1422 1134 1476 δι

419 1491 558 1555 Horatius
573 1517 632 1555 non
647 1492 739 1555 solum
753 1494 932 1564 dimidiatos,
949 1437 1135 1574 seiiinregros

420 1567 491 1648 saepb
504 1570 595 1634 versus
614 1573 737 1634 mutuari
755 1572 857 1636 solent.
876 1574 958 1643 Hic,
976 1574 1024 1634 ubi
1040 1573 1075 1633 de
1090 1592 1136 1633 re-

418 1671 484 1711 rum
501 1653 687 1728 primordiis,
711 1651 758 1712 seu
778 1651 946 1730 corpusculis
966 1651 1134 1713 individuis:

419 1729 456 1790 de
471 1749 572 1792 eorum
585 1750 684 1799 motu,
700 1737 725 1790 &
739 1730 850 1812 figuris:
865 1732 899 1792 de
911 1731 1003 1790 inani:
1016 1731 1050 1790 de
1060 1729 1135 1791 ima-

418 1806 548 1890 ginibus,
560 1808 606 1872 seu
618 1809 789 1879 simulacris,
802 1831 862 1887 quae
878 1808 893 1869 ὲ
906 1809 1019 1869 summo
1037 1829 1135 1870 rerum

413 1907 542 1964 corpore
551 1890 717 1949 mittuntur:
731 1888 765 1948 de
779 1889 953 1948 Animorum
968 1883 1083 1947 naturis
1099 1887 1135 1948 de

417 1983 502 2035 ortu,
511 1969 645 2045 obituque
657 1967 796 2027 fidorum:
815 1967 849 2026 de
863 1966 974 2026 Solis&
986 1963 1071 2025 Lunae
1082 1965 1134 2027 de-

419 2044 495 2104 seecu
510 2069 519 2106 r
532 2046 566 2107 de
580 2046 708 2106 fulminis
721 2042 836 2105 natural:
858 2044 893 2103 de
910 2044 989 2104 Arcu
1007 2042 1134 2104 coelestis

416 2123 456 2182 ‘de
467 2125 604 2185 Auernis:
617 2124 651 2184 de
663 2123 750 2191 caulis
758 2127 944 2192 morborum,
956 2129 983 2180 &
991 2123 1087 2184 multis
1097 2122 1134 2182 de

420 2201 485 2262 aliis
501 2206 582 2263 rebus
599 2200 717 2278 disputat
731 2240 748 2270 ,
765 2198 890 2268 subtilis,
913 2218 1044 2281 argutus,
1063 2221 1135 2261 enst-

418 2280 544 2350 cleatus,
553 2281 666 2340 limatus
675 2277 726 2342 est.
736 2279 770 2338 In
781 2279 918 2339 librorum
929 2279 1091 2357 prooemiis:
1102 2280 1134 2338 in

421 2359 568 2419 nonnullis
578 2357 818 2419 similitudinibusr
832 2358 862 2418 in
874 2360 1027 2436 exemplis:
1039 2360 1068 2418 in
1081 2355 1136 2417 dis-

415 2437 613 2518 'putationibus
625 2438 659 2497 de
671 2454 765 2498 morte
776 2434 999 2511 contemnend2l3
1008 2438 1043 2497 de
1051 2458 1135 2498 amo-

367 2566 368 2569 *
420 2518 600 2599 refugiendo
616 2539 625 2590 ς
644 2517 677 2577 de
689 2513 790 2576 somno
805 2522 832 2576 δι
844 2515 1007 2584 insomniis,
1020 2516 1133 2596 gravis,

421 2596 570 2672 copiosus,
583 2597 711 2672 amplus,
722 2595 907 2677 magnificus,
928 2596 1033 2663 elatus,
1049 2615 1136 2656 orna-

421 2691 466 2733 tus
476 2673 516 2733 est
526 2717 535 2735 .
546 2717 555 2736 .
565 2718 592 2737 ..
610 2673 688 2753 Quid
703 2673 799 2735 enim?
813 2672 975 2733 Homerum
990 2713 999 2742 ,
1019 2689 1137 2750 propte·

420 2748 469 2813 real
490 2749 565 2829 qubd
587 2753 616 2811 in
642 2747 805 2830 quibusdam
831 2751 1002 2813 fabularum
1029 2752 1137 2829 partim

420 2830 563 2907 nurpium,
576 2832 680 2908 partim
692 2830 872 2892 absurdarum
887 2830 1058 2899 involucris,
1071 2851 1140 2890 om-

421 2908 608 2974 niumrerum
624 2910 820 2983 naturalium,
844 2926 928 2990 atque
948 2907 1140 2975 humanarum
