2725 4217
450 572 524 645 166
583 572 1070 647 ARGUMENTUM
1194 512 1196 532 =

445 715 498 765 tas
522 686 585 762 effe
612 714 722 786 putat.
755 687 897 762 Interim
919 715 1070 787 quatuor
1086 691 1158 766 Ele-

446 790 568 862 mentis
590 786 680 859 suam
703 785 816 860 sedem
839 814 878 859 ac
901 792 1077 887 regionem
1095 789 1155 863 affi-

446 908 542 985 gnat.
565 884 681 959 Postea
701 888 821 984 quaerit
841 885 886 957 de
904 885 1002 960 Coeli
1016 914 1058 961 ac
1071 888 1156 962 Side-

446 1011 522 1056 rum
536 983 708 1067 motibus,
735 982 780 1056 de
803 984 928 1079 quibus
949 1009 1067 1059 tamen
1082 984 1154 1058 nihil

446 1083 531 1155 certi
555 1078 716 1154 decernit.
745 1080 836 1154 Solis
855 1083 939 1154 item
966 1110 1008 1158 ac
1028 1084 1151 1167 Lunae,

445 1178 692 1275 stellarumque
715 1177 981 1277 magnitudinem
1000 1184 1152 1266 metinu3

445 1302 509 1349 nec
523 1299 561 1349 ea
574 1282 699 1373 majora
711 1301 769 1348 aut
782 1278 911 1351 minora
924 1277 991 1352 elle
1006 1281 1148 1377 reperit,

442 1372 544 1472 quim
559 1375 657 1446 nobis
672 1396 863 1471 appareant.

497 1566 542 1641 V.
570 1566 687 1642 Varias
712 1564 916 1663 utriusque,
944 1565 1089 1644 solsticii
1117 1594 1152 1643 ac

443 1663 609 1749 Brumae,
642 1662 754 1737 causas
784 1663 943 1761 explicat.
966 1663 1096 1739 Reddit
1119 1670 1152 1740 δι

441 1763 589 1833 rationes
603 1788 664 1834 cur
678 1763 761 1833 Nox
774 1760 855 1835 fiat:
870 1788 933 1835 cut
944 1761 1084 1837 Aurora
1096 1765 1152 1836 Su

439 1856 508 1930 lem
546 1859 709 1933 taecedat:
725 1886 785 1932 cur
799 1858 870 1932 dies
883 1886 923 1932 ac
935 1863 1051 1933 nudes
1064 1858 1154 1937 vicis·

437 1954 500 2030 lim
519 1884 552 2029 le
572 1955 748 2055 superent:
769 1984 830 2030 cut
843 1957 944 2030 Luna
959 1957 1096 2031 vultum
1116 1985 1151 2034 ac

439 2051 583 2153 figuram
597 2057 720 2129 variet:
731 2082 792 2129 cur
803 2054 948 2153 denique
960 2055 1023 2130 Sol
1035 2059 1073 2131 &
1084 2056 1152 2129 Lu·

439 2176 483 2226 na
495 2153 664 2226 interdum
677 2153 844 2226 laborent.
857 2151 993 2226 Deinde
1004 2152 1096 2227 redit
1112 2153 1151 2228 ad

439 2249 563 2323 Mundi
581 2253 788 2335 novitatem,
806 2251 1017 2349 elegantique
1037 2252 1151 2326 carmi·

438 2371 491 2520 ἷξε
504 2346 1150 2525 lideqliuiuillilnllatlill?

437 2570 558 2638 nempe
579 2473 721 2639 primunt
742 2543 882 2626 herbae,
904 2546 1080 2643 gramina,
1102 2497 1148 2617 ar3

437 2641 566 2725 bore's3
586 2638 706 2712 deinde
730 2667 829 2725 aves,
855 2642 964 2714 brutae
987 2647 1025 2716 δι
1045 2642 1148 2715 homi·

437 2762 496 2809 nes
517 2762 529 2822 3
578 2739 675 2810 uibus
700 2741 882 2833 procreatis
906 2738 1027 2814 Tellus
1049 2790 1061 2824 ,
1084 2744 1147 2839 jam

435 2833 528 2930 quast
552 2762 638 2910 loetu
663 2832 765 2925 laffa,
791 2833 909 2928 fecerit
934 2832 1148 2937 pariendifi-

458 2952 525 3004 em.

1191 793 1196 825 l

1189 1079 1196 1108 l

1184 1401 1196 1674 l

1185 1917 1194 1950 ι.
